Details,Posting Date,Description,Amount,Type,Balance,Check or Slip #
DEBIT,03/19/2024,"PAYMENT TO CHASE CARD ENDING IN 9901 03/19",-1110.35,LOAN_PMT, ,,
DEBIT,03/18/2024,"POS DEBIT                TAIGA SMOKE AND VAPE      TEMPE        AZ",-30.25,MISC_DEBIT, ,,
DEBIT,03/18/2024,"POS DEBIT                U-HAUL STORAGE OF APACH   TEMPE        AZ",-56.21,MISC_DEBIT, ,,
DEBIT,03/18/2024,"ORIG CO NAME:PAYPAL           CO ENTRY DESCR:INST XFER  SEC:WEB IND ID:EXPRESSVPN      ORIG ID:PAYPALSI77",-12.95,ACH_DEBIT, ,,
DEBIT,03/18/2024,"ORIG CO NAME:CHASE CREDIT CRD CO ENTRY DESCR:AUTOPAY    SEC:PPD                        ORIG ID:4760039224",-93.42,ACH_DEBIT, ,,
DEBIT,03/18/2024,"ORIG CO NAME:PAYPAL           CO ENTRY DESCR:INST XFER  SEC:WEB IND ID:STEAM GAMES     ORIG ID:PAYPALSI77",-28.29,ACH_DEBIT, ,,
DEBIT,03/18/2024,"ORIG CO NAME:PAYPAL           CO ENTRY DESCR:INST XFER  SEC:WEB IND ID:GITHUB INC      ORIG ID:PAYPALSI77",-4.02,ACH_DEBIT, ,,
DEBIT,03/18/2024,"ATM DEBIT                7200 W CHANDLER BLVD      CHANDLER     AZ",-102.00,MISC_DEBIT, ,,
DEBIT,03/18/2024,"POS DEBIT                VZWRLSS*APOCC VISW        800-922-0204 FL",-79.88,MISC_DEBIT, ,,
DEBIT,03/18/2024,"POS DEBIT                LB-TASTE KITCHEN          CHANDLER     AZ",-9.50,MISC_DEBIT, ,,
DEBIT,03/18/2024,"ATM DEBIT                1077 SOUTH KYRENE ROAD    CHANDLER     AZ",-143.00,MISC_DEBIT, ,,
DEBIT,03/18/2024,"POS DEBIT                TREND SMOKE & VAPE        PHOENIX      AZ",-43.42,MISC_DEBIT, ,,
DEBIT,03/16/2024,"POS DEBIT                TEXAS ROADHOUSE #512     TEMPE         AZ",-70.39,MISC_DEBIT, ,,
DEBIT,03/15/2024,"NNT MSBILL.INFO    060 MSBILL.INFO WA221236  03/15",-23.91,DEBIT_CARD,5004.44,,
DEBIT,03/15/2024,"LIGHTHOUSE PSYCHIATRY 480-5656440 AZ         03/14",-50.00,DEBIT_CARD,5028.35,,
DEBIT,03/15/2024,"JOLIES PLACE CHANDLER AZ                     03/13",-58.56,DEBIT_CARD,5078.35,,
DEBIT,03/15/2024,"Taiga Smoke and Vape Tempe AZ                03/13",-46.45,DEBIT_CARD,5136.91,,
DEBIT,03/14/2024,"TACO BELL 037538 CHANDLER AZ                 03/13",-23.61,DEBIT_CARD,5183.36,,
DEBIT,03/13/2024,"PAYPAL           INST XFER  APPLE.COM BILL  WEB ID: PAYPALSI77",-3.18,ACH_DEBIT,5206.97,,
DEBIT,03/13/2024,"ARCO #42722 AMPM CHANDLER AZ                 03/13",-9.49,DEBIT_CARD,5210.15,,
DEBIT,03/13/2024,"IC* INSTACART*SUBSCR HTTPSINSTACAR CA        03/13",-10.55,DEBIT_CARD,5219.64,,
DEBIT,03/13/2024,"WWW.DEEPL.COM KOLN                           03/13",-11.84,DEBIT_CARD,5230.19,,
DEBIT,03/13/2024,"LIGHTHOUSE PSYCHIATRY 480-5656440 AZ         03/12",-50.00,DEBIT_CARD,5242.03,,
DEBIT,03/12/2024,"Netflix.com 866-5797172 CA                   03/12",-7.54,DEBIT_CARD,5292.03,,
DEBIT,03/12/2024,"Rocket Money     Premium    ST-B5K2E8W7Y0Q6 CCD ID: 1800948598",-8.68,MISC_DEBIT,5299.57,,
DEBIT,03/12/2024,"MINDVALLEY 188865056 HTTPSMINDVALL CA        03/11",49.00,DEBIT_CARD,5308.25,,
DEBIT,03/11/2024,"CIRCLE K # 03480 4810 PHOENIX AZ             03/11",-6.99,DEBIT_CARD,5259.25,,
DEBIT,03/11/2024,"AMERICAN EXPRESS ACH PMT    A9748           WEB ID: 9493560001",-2.16,ACH_DEBIT,5266.24,,
DEBIT,03/11/2024,"PAYPAL           INST XFER  GODADDY.COM     WEB ID: PAYPALSI77",-21.71,ACH_DEBIT,5268.40,,
DEBIT,03/11/2024,"SP ADAPT NATURALS HTTPSADAPTNAT NV           03/11",-51.90,DEBIT_CARD,5290.11,,
DEBIT,03/11/2024,"METAPAY*Jessica Pugh pay.fb.com CA           03/10",-30.00,DEBIT_CARD,5342.01,,
DEBIT,03/11/2024,"MICROSOFT REDMOND WA                 020295  03/10",-32.57,DEBIT_CARD,5372.01,,
DEBIT,03/11/2024,"OPENAI HTTPSOPENAI.C CA                      03/10",-16.57,DEBIT_CARD,5404.58,,
DEBIT,03/11/2024,"OPENAI HTTPSOPENAI.C CA                      03/10",-10.78,DEBIT_CARD,5421.15,,
DEBIT,03/11/2024,"Nintendo CD1168887117 800-2553700 WA         03/10",-4.30,DEBIT_CARD,5431.93,,
DEBIT,03/11/2024,"ATM WITHDRAWAL                       001059  03/099538 E RI",-60.00,ATM,5436.23,,
DEBIT,03/11/2024,"CVS/PHARM 03491--NWC R SUN LAKES AZ          03/09 Purchase $6.37 Cash Back $40.00",-46.37,DEBIT_CARD,5496.23,,
DEBIT,03/11/2024,"IC* COSTCO BY INSTAC WWW.COSTCO.CO CA        03/09",-138.44,DEBIT_CARD,5542.60,,
DEBIT,03/11/2024,"Autosave General Saving 11514469321",-830.00,ACCT_XFER,5681.04,,
DEBIT,03/11/2024,"ADVS ED SERV PPD STUDNTLOAN                 PPD ID: 9102001101",-311.47,ACH_DEBIT,6511.04,,
DEBIT,03/11/2024,"YOUR CBD STORE - AHWATU PHOENIX AZ           03/08",-65.16,DEBIT_CARD,6822.51,,
DEBIT,03/11/2024,"ORBITEL COMMUNICATION 520-568-8890 AZ        03/08",-49.95,DEBIT_CARD,6887.67,,
DEBIT,03/08/2024,"TST* FLORIDINOS Chandler AZ                  03/07",-53.25,DEBIT_CARD,6937.62,,
DEBIT,03/08/2024,"LIGHTHOUSE PSYCHIATRY 480-5656440 AZ         03/07",-25.00,DEBIT_CARD,6990.87,,
DEBIT,03/08/2024,"Touchtunes.helpshift.c 847-4192345 NY        03/07",-5.00,DEBIT_CARD,7015.87,,
DEBIT,03/08/2024,"Touchtunes.helpshift.c 847-4192345 NY        03/07",-5.00,DEBIT_CARD,7020.87,,
CREDIT,03/08/2024,"ADP TOTALSOURCE  DIRECT DEP                 PPD ID: 9111111102",2913.92,ACH_CREDIT,7025.87,,
DEBIT,03/07/2024,"PAYPAL           INST XFER  GODADDY.COM     WEB ID: PAYPALSI77",-0.38,ACH_DEBIT,4111.95,,
DEBIT,03/07/2024,"OPENAI HTTPSOPENAI.C CA                      03/07",-4.15,DEBIT_CARD,4112.33,,
DEBIT,03/07/2024,"METAPAY*Jessica Pugh pay.fb.com CA           03/06",-150.00,DEBIT_CARD,4116.48,,
DEBIT,03/07/2024,"METAPAY*Jessica Pugh pay.fb.com CA           03/06",-150.00,DEBIT_CARD,4266.48,,
DEBIT,03/07/2024,"GRUBHUBBLACKBEARDINER GRUBHUB.COM NY         03/07",-34.01,DEBIT_CARD,4416.48,,
DEBIT,03/06/2024,"PAYPAL           INST XFER  ENVATO USA ENVA WEB ID: PAYPALSI77",-55.67,ACH_DEBIT,4450.49,,
DEBIT,03/06/2024,"CIRCLE K 05282 PHOENIX AZ                    03/05",-39.94,DEBIT_CARD,4506.16,,
DEBIT,03/06/2024,"U-HAUL STORAGE OF APA 800-789-3638 AZ        03/05",-61.33,DEBIT_CARD,4546.10,,
DEBIT,03/06/2024,"Taiga Smoke and Vape Tempe AZ                03/04",-46.45,DEBIT_CARD,4607.43,,
DEBIT,03/05/2024,"COX PHOENIX COMM SERV 800-234-3993 AZ        03/05",-106.30,DEBIT_CARD,4653.88,,
DEBIT,03/05/2024,"SCHWAB BROKERAGE MONEYLINK  558622439549064 WEB ID: 9005586224",-1000.00,ACH_DEBIT,4760.18,,
DEBIT,03/05/2024,"IC* INSTACART 888-2467822 CA                 03/05",-86.54,DEBIT_CARD,5760.18,,
DEBIT,03/04/2024,"PAYPAL           INST XFER  SPOTIFYUSAI     WEB ID: PAYPALSI77",-16.28,ACH_DEBIT,5846.72,,
DEBIT,03/04/2024,"CIRCLE K # 03480 4810 PHOENIX AZ             03/04",-14.19,DEBIT_CARD,5863.00,,
DEBIT,03/04/2024,"SYNCHRONY BANK   PAYMENT    504662204854782 WEB ID: 1061537262",-144.00,ACH_DEBIT,5877.19,,
DEBIT,03/04/2024,"PAYPAL           INST XFER  APPLE.COM BILL  WEB ID: PAYPALSI77",-6.37,ACH_DEBIT,6021.19,,
DEBIT,03/04/2024,"DAVE & BUSTERS #52 TEMPE AZ                  03/02",-51.89,DEBIT_CARD,6027.56,,
DEBIT,03/04/2024,"GENGHIS GRILL AZ01 TEMPE AZ                  03/02",-53.10,DEBIT_CARD,6079.45,,
DEBIT,03/04/2024,"GRUBHUBCVS GRUBHUB.COM NY                    03/03",-42.50,DEBIT_CARD,6132.55,,
DEBIT,03/04/2024,"JOLIES PLACE CHANDLER AZ                     03/01",-77.20,DEBIT_CARD,6175.05,,
DEBIT,03/04/2024,"GRUBHUBBLACKBEARDINER GRUBHUB.COM NY         03/02",-34.01,DEBIT_CARD,6252.25,,
CREDIT,03/04/2024,"Online Transfer from SAV ...8306 transaction#: 20036972800",5000.00,ACCT_XFER,6286.26,,
DEBIT,03/01/2024,"CVS/PHARM 03143--WARNE CHANDLER AZ           03/01",-9.26,DEBIT_CARD,1286.26,,
DEBIT,03/01/2024,"LIGHTHOUSE PSYCHIATRY 480-5656440 AZ         02/29",-50.00,DEBIT_CARD,1295.52,,
DEBIT,03/01/2024,"CALENDLY HTTPSCALENDLY GA                    02/29",-10.71,DEBIT_CARD,1345.52,,
DEBIT,03/01/2024,"MINDVALLEY 188865056 HTTPSMINDVALL CA        03/01",-49.00,DEBIT_CARD,1356.23,,
DEBIT,03/01/2024,"PL*ConAmProperty WEB PMTS   9V3X16          WEB ID: 9000350702",-1881.30,ACH_DEBIT,1405.23,,
DEBIT,02/29/2024,"PIZZA HUT 35855 https://ipcha AZ             02/28",-38.16,DEBIT_CARD,3286.53,,
DEBIT,02/29/2024,"CVS/PHARMACY #09290 800-746-7287 AZ          02/28",-135.00,DEBIT_CARD,3324.69,,
DEBIT,02/29/2024,"TREND SMOKE & VAPE PHOENIX AZ                02/27",-54.27,DEBIT_CARD,3459.69,,
DEBIT,02/28/2024,"MOHELA           QDR                        PPD ID: 3431261525",-152.21,ACH_DEBIT,3513.96,,
DEBIT,02/28/2024,"LIGHTHOUSE PSYCHIATRY 480-5656440 AZ         02/27",-50.00,DEBIT_CARD,3666.17,,
DEBIT,02/28/2024,"JOLIES PLACE CHANDLER AZ                     02/26",-26.65,DEBIT_CARD,3716.17,,
DEBIT,02/27/2024,"PAYPAL           INST XFER  APPLE.COM BILL  WEB ID: PAYPALSI77",-17.00,ACH_DEBIT,3742.82,,
DEBIT,02/26/2024,"NON-CHASE ATM FEE-WITH",-3.00,FEE_TRANSACTION,3759.82,,
DEBIT,02/26/2024,"NON-CHASE ATM FEE-WITH",-3.00,FEE_TRANSACTION,3762.82,,
DEBIT,02/26/2024,"IC* INSTACART 888-2467822 CA                 02/26",-12.05,DEBIT_CARD,3765.82,,
DEBIT,02/26/2024,"IC* INSTACART 888-2467822 CA                 02/25",-49.61,DEBIT_CARD,3777.87,,
DEBIT,02/26/2024,"MCDONALD'S F32229 MARICOPA AZ                02/24",-17.88,DEBIT_CARD,3827.48,,
DEBIT,02/26/2024,"OASIS BAR MARICOPA AZ                        02/24",-24.00,DEBIT_CARD,3845.36,,
DEBIT,02/26/2024,"NON-CHASE ATM WITHDRAW               742608  02/2415406 NOR",-304.75,ATM,3869.36,,
DEBIT,02/26/2024,"WHP-FATBURGER CHANDLER AZ                    02/25",-11.50,DEBIT_CARD,4174.11,,
DEBIT,02/26/2024,"NON-CHASE ATM WITHDRAW               889881  02/245040 WEST",-103.00,ATM,4185.61,,
DEBIT,02/26/2024,"GRUBHUBGOPUFFCONVENIE GRUBHUB.COM NY         02/25",-26.68,DEBIT_CARD,4288.61,,
DEBIT,02/26/2024,"Autosave General Saving 11509077823",-830.00,ACCT_XFER,4315.29,,
DEBIT,02/26/2024,"Autosave General Saving 11509059148",-830.00,ACCT_XFER,5145.29,,
DEBIT,02/26/2024,"SQ *DULCE CHURRO CAFE I Chandler AZ          02/23",-14.54,DEBIT_CARD,5975.29,,
DEBIT,02/26/2024,"JOLIES PLACE CHANDLER AZ                     02/23",-62.10,DEBIT_CARD,5989.83,,
DEBIT,02/26/2024,"VITAL4MEN CHANDLER AZ                        02/23",-300.00,DEBIT_CARD,6051.93,,
DEBIT,02/26/2024,"VITAL4MEN CHANDLER AZ                        02/23",-45.00,DEBIT_CARD,6351.93,,
DEBIT,02/26/2024,"GRUBHUBNEKTERJUICEBAR GRUBHUB.COM NY         02/24",-40.51,DEBIT_CARD,6396.93,,
DEBIT,02/23/2024,"DJs Smoke Shop 2 Chandler AZ         587866  02/23",-25.70,DEBIT_CARD,6437.44,,
DEBIT,02/23/2024,"GEICO  *AUTO 800-841-3000 DC                 02/23",-118.25,DEBIT_CARD,6463.14,,
DEBIT,02/23/2024,"LIGHTHOUSE PSYCHIATRY 480-5656440 AZ         02/22",-25.00,DEBIT_CARD,6581.39,,
DEBIT,02/23/2024,"LIGHTHOUSE PSYCHIATRY 480-5656440 AZ         02/22",-50.00,DEBIT_CARD,6606.39,,
DEBIT,02/23/2024,"GRUBHUBBLACKBEARDINER GRUBHUB.COM NY         02/23",-29.10,DEBIT_CARD,6656.39,,
CREDIT,02/23/2024,"ADP TOTALSOURCE  DIRECT DEP                 PPD ID: 9111111102",2913.92,ACH_CREDIT,6685.49,,
CREDIT,02/23/2024,"SCHWAB BROKERAGE MONEYLINK                  PPD ID: 9005586224",3000.00,ACH_CREDIT,3771.57,,
DEBIT,02/22/2024,"PETSMART # 2474 PHOENIX AZ                   02/21",-11.76,DEBIT_CARD,771.57,,
DEBIT,02/22/2024,"WWW.MYNDLIFT.COM HTTPSWWW.MYND DE            02/22",-120.00,DEBIT_CARD,783.33,,
DEBIT,02/22/2024,"GRUBHUBCVS GRUBHUB.COM NY                    02/21",-26.25,DEBIT_CARD,903.33,,
DEBIT,02/21/2024,"LIGHTHOUSE PSYCHIATRY 480-5656440 AZ         02/20",-50.00,DEBIT_CARD,929.58,,
DEBIT,02/20/2024,"PAYPAL           INST XFER  WORDPRESS       WEB ID: PAYPALSI77",-32.41,ACH_DEBIT,979.58,,
DEBIT,02/20/2024,"PAYPAL           INST XFER  WORDPRESS       WEB ID: PAYPALSI77",-10.77,ACH_DEBIT,1011.99,,
DEBIT,02/20/2024,"PAYPAL           INST XFER  APPLE.COM BILL  WEB ID: PAYPALSI77",-20.19,ACH_DEBIT,1022.76,,
DEBIT,02/20/2024,"PAYPAL           INST XFER  INTERAXONIN     WEB ID: PAYPALSI77",-86.87,ACH_DEBIT,1042.95,,
DEBIT,02/20/2024,"CIRCLE K 05282 5060 E PHOENIX AZ             02/19",-40.94,DEBIT_CARD,1129.82,,
DEBIT,02/20/2024,"RF *CARING FOR FAMIL PHOENIX AZ              02/19",-25.00,DEBIT_CARD,1170.76,,
DEBIT,02/20/2024,"PIZZA HUT 35855 https://ipcha AZ             02/18",-46.25,DEBIT_CARD,1195.76,,
DEBIT,02/20/2024,"PURE NOOTROPICS 424-738-0385 NM              02/19",-33.87,DEBIT_CARD,1242.01,,
DEBIT,02/20/2024,"CIRCLE K # 03480 4810 PHOENIX AZ             02/18",-16.50,DEBIT_CARD,1275.88,,
DEBIT,02/20/2024,"GRUBHUBIHOP GRUBHUB.COM NY                   02/19",-35.29,DEBIT_CARD,1292.38,,
DEBIT,02/20/2024,"U-HAUL STORAGE OF APA 800-789-3638 AZ        02/18",-56.21,DEBIT_CARD,1327.67,,
DEBIT,02/20/2024,"WHP-RIVER BAR CHANDLER AZ                    02/18",-10.00,DEBIT_CARD,1383.88,,
DEBIT,02/20/2024,"PY *BLACK ROCK COFFEE CHANDLER AZ            02/18",-13.82,DEBIT_CARD,1393.88,,
DEBIT,02/20/2024,"VZWRLSS*APOCC VISW 800-922-0204 FL           02/17",-75.70,DEBIT_CARD,1407.70,,
DEBIT,02/20/2024,"DOMINOS 7563 310-698-7894 AZ                 02/16",-59.60,DEBIT_CARD,1483.40,,
DEBIT,02/20/2024,"GRUBHUBDAIRYQUEEN GRUBHUB.COM NY             02/17",-35.94,DEBIT_CARD,1543.00,,
DEBIT,02/20/2024,"METAPAY*Jessica Pugh MENLO PARK CA   002782  02/20",400.00,DEBIT_CARD,1578.94,,
CREDIT,02/20/2024,"Online Transfer from SAV ...8306 transaction#: 19908978594",500.00,ACCT_XFER,1178.94,,
DEBIT,02/16/2024,"PAYPAL           INST XFER  EXPRESSVPN      WEB ID: PAYPALSI77",-12.95,ACH_DEBIT,678.94,,
DEBIT,02/16/2024,"TREND VAPE PHOENIX AZ                        02/15",-32.56,DEBIT_CARD,691.89,,
DEBIT,02/16/2024,"MAJESTIC CHANDLER 9 ALO CHANDLER AZ          02/15",-71.38,DEBIT_CARD,724.45,,
DEBIT,02/15/2024,"MAJESTIC CHANDLER 9 EC 520-2138129 AZ        02/14",-28.88,DEBIT_CARD,795.83,,
DEBIT,02/15/2024,"GRUBHUBPIEOLOGY GRUBHUB.COM NY               02/14",-39.02,DEBIT_CARD,824.71,,
DEBIT,02/14/2024,"Store Sun Lakes AZ                           02/14",-24.95,DEBIT_CARD,863.73,,
DEBIT,02/14/2024,"LIGHTHOUSE PSYCHIATRY 480-5656440 AZ         02/13",-50.00,DEBIT_CARD,888.68,,
DEBIT,02/14/2024,"1-800-FLOWERS.COM,INC 800-468-1141 NY        02/14",-116.39,DEBIT_CARD,938.68,,
DEBIT,02/14/2024,"GRUBHUBCVS GRUBHUB.COM NY                    02/13",-39.86,DEBIT_CARD,1055.07,,
DEBIT,02/13/2024,"PAYPAL           INST XFER  APPLE.COM BILL  WEB ID: PAYPALSI77",-3.18,ACH_DEBIT,1094.93,,
DEBIT,02/13/2024,"DEEPL* DP-5049636 KOLN                       02/13",-5.92,DEBIT_CARD,1098.11,,
DEBIT,02/13/2024,"METAPAY*Jessica Pugh pay.fb.com CA           02/12",-73.00,DEBIT_CARD,1104.03,,
DEBIT,02/13/2024,"TST* MOKU HAWAIIAN AH 480-704-0108 AZ        02/13",-30.38,DEBIT_CARD,1177.03,,
DEBIT,02/13/2024,"GRUBHUBBLACKBEARDINER GRUBHUB.COM NY         02/13",-24.76,DEBIT_CARD,1207.41,,
DEBIT,02/13/2024,"CIRCLE K 05282 PHOENIX AZ                    02/12",-33.71,DEBIT_CARD,1232.17,,
DEBIT,02/12/2024,"CIRCLE K # 03480 4810 PHOENIX AZ             02/12",-11.00,DEBIT_CARD,1265.88,,
DEBIT,02/12/2024,"Netflix 1 8445052993 CA                      02/12",-7.54,DEBIT_CARD,1276.88,,
DEBIT,02/12/2024,"Rocket Money     Premium    ST-Z1R3Q5Z0E2C6 CCD ID: 4270465600",-8.68,MISC_DEBIT,1284.42,,
DEBIT,02/12/2024,"PAYPAL           INST XFER  GODADDY.COM     WEB ID: PAYPALSI77",-16.16,ACH_DEBIT,1293.10,,
DEBIT,02/12/2024,"PAYPAL           INST XFER  GODADDY.COM     WEB ID: PAYPALSI77",-22.16,ACH_DEBIT,1309.26,,
DEBIT,02/12/2024,"COINBASE INC.    8889087930 RTL-L3QGFCE7    WEB ID: 1327000623",-100.00,ACH_DEBIT,1331.42,,
DEBIT,02/12/2024,"PAYPAL           INST XFER  APPLE.COM BILL  WEB ID: PAYPALSI77",-255.11,ACH_DEBIT,1431.42,,
DEBIT,02/12/2024,"IC* INSTACART*SUBSCR HTTPSINSTACAR CA        02/12",-10.55,DEBIT_CARD,1686.53,,
DEBIT,02/12/2024,"PETSMART #2464 CHANDLER AZ                   02/11",-8.43,DEBIT_CARD,1697.08,,
DEBIT,02/12/2024,"PETCO 1151 CHANDLER AZ               593478  02/11",-33.24,DEBIT_CARD,1705.51,,
DEBIT,02/12/2024,"MCDONALD'S F24901 SUN LAKES AZ               02/11",-26.53,DEBIT_CARD,1738.75,,
DEBIT,02/12/2024,"BASHAS' #011 PHOENIX AZ              633203  02/10",-23.88,DEBIT_CARD,1765.28,,
DEBIT,02/12/2024,"JACK IN THE BOX 1502 GILBERT AZ              02/10",-22.59,DEBIT_CARD,1789.16,,
DEBIT,02/12/2024,"Autosave General Saving 11504283389",-830.00,ACCT_XFER,1811.75,,
DEBIT,02/12/2024,"ADVS ED SERV PPD STUDNTLOAN                 PPD ID: 9102001101",-311.47,ACH_DEBIT,2641.75,,
DEBIT,02/12/2024,"MCDONALD'S F11340 CHANDLER AZ                02/09",-13.06,DEBIT_CARD,2953.22,,
DEBIT,02/12/2024,"METAPAY*Jessica Pugh pay.fb.com CA           02/09",-60.00,DEBIT_CARD,2966.28,,
DEBIT,02/12/2024,"FIBBER MAGEES CHANDLER AZ                    02/10",-9.03,DEBIT_CARD,3026.28,,
DEBIT,02/12/2024,"GOBRANDS INC. help_me@grubh AZ               02/10",-50.70,DEBIT_CARD,3035.31,,
DEBIT,02/12/2024,"VISIONWORKS 387 CHANDLER AZ                  02/09",-234.00,DEBIT_CARD,3086.01,,
DEBIT,02/12/2024,"VISIONWORKS 80387 CHANDLER AZ                02/09",-168.00,DEBIT_CARD,3320.01,,
DEBIT,02/12/2024,"DESERT SHORES DENTISTRY PHOENIX AZ           02/09",-63.00,DEBIT_CARD,3488.01,,
DEBIT,02/12/2024,"GRUBHUBPORTILLOSHOTDO GRUBHUB.COM NY         02/09",-30.76,DEBIT_CARD,3551.01,,
DEBIT,02/12/2024,"METAPAY*Jessica Pugh MENLO PARK CA   228507  02/10",60.00,DEBIT_CARD,3581.77,,
CREDIT,02/12/2024,"Online Transfer from SAV ...8306 transaction#: 19829027074",860.00,ACCT_XFER,3521.77,,
DEBIT,02/09/2024,"Payment to Chase card ending in 9901 02/09",-2344.85,LOAN_PMT,2661.77,,
DEBIT,02/09/2024,"Nintendo CD1150269500 800-2553700 WA         02/09",-4.30,DEBIT_CARD,5006.62,,
DEBIT,02/09/2024,"Microsoft G038942951 701-2817490 WA          02/09",-34.39,DEBIT_CARD,5010.92,,
DEBIT,02/09/2024,"SONGFINCH.COM WWW.SONGFINCH IL               02/09",-238.11,DEBIT_CARD,5045.31,,
DEBIT,02/09/2024,"LIGHTHOUSE PSYCHIATRY 480-5656440 AZ         02/08",-25.00,DEBIT_CARD,5283.42,,
DEBIT,02/09/2024,"GRUBHUBGOPUFFCONVENIE GRUBHUB.COM NY         02/09",-36.44,DEBIT_CARD,5308.42,,
CREDIT,02/09/2024,"ADP TOTALSOURCE  DIRECT DEP                 PPD ID: 9111111102",2913.93,ACH_CREDIT,5344.86,,
DEBIT,02/07/2024,"U-HAUL STORAGE OF APA 800-789-3638 AZ        02/05",-61.33,DEBIT_CARD,2430.93,,
DEBIT,02/06/2024,"CIRCLE K # 03480 4810 PHOENIX AZ             02/06",-14.26,DEBIT_CARD,2492.26,,
DEBIT,02/06/2024,"ORBITEL COMMUNICATION 520-568-8890 AZ        02/05",-49.95,DEBIT_CARD,2506.52,,
DEBIT,02/06/2024,"APPLE.COM/BILL 866-712-7753 CA               02/06",-6.46,DEBIT_CARD,2556.47,,
DEBIT,02/06/2024,"GRUBHUBKFC GRUBHUB.COM NY                    02/06",-49.01,DEBIT_CARD,2562.93,,
DEBIT,02/06/2024,"METAPAY*Jessica Pugh MENLO PARK CA   414947  02/06",400.00,DEBIT_CARD,2611.94,,
DEBIT,02/05/2024,"NON-CHASE ATM FEE-WITH",-3.00,FEE_TRANSACTION,2211.94,,
DEBIT,02/05/2024,"NON-CHASE ATM WITHDRAW               436907  02/057200 W CH",-102.00,ATM,2214.94,,
DEBIT,02/05/2024,"SYNCHRONY BANK   PAYMENT    504662204854782 WEB ID: 1061537262",-149.00,ACH_DEBIT,2316.94,,
DEBIT,02/05/2024,"PAYPAL           INST XFER  GITHUB INC      WEB ID: PAYPALSI77",-4.00,ACH_DEBIT,2465.94,,
DEBIT,02/05/2024,"PAYPAL           INST XFER  SPOTIFYUSAI     WEB ID: PAYPALSI77",-16.28,ACH_DEBIT,2469.94,,
DEBIT,02/05/2024,"AMZN Digital*RB6U553T 888-802-3080 WA        02/04",-8.68,DEBIT_CARD,2486.22,,
DEBIT,02/05/2024,"GRUBHUBGOPUFFCONVENIE GRUBHUB.COM NY         02/05",-19.57,DEBIT_CARD,2494.90,,
DEBIT,02/05/2024,"GRUBHUBWHATABURGER GRUBHUB.COM NY            02/04",-35.35,DEBIT_CARD,2514.47,,
DEBIT,02/05/2024,"COX PHOENIX COMM SERV 800-234-3993 AZ        02/03",-106.30,DEBIT_CARD,2549.82,,
DEBIT,02/05/2024,"JOLIES PLACE CHANDLER AZ                     02/02",-87.65,DEBIT_CARD,2656.12,,
DEBIT,02/05/2024,"LIGHTHOUSE PSYCHIATRY 480-5656440 AZ         02/02",-25.00,DEBIT_CARD,2743.77,,
DEBIT,02/05/2024,"YOUR CBD STORE - AHWATU PHOENIX AZ           02/02",-65.16,DEBIT_CARD,2768.77,,
DEBIT,02/05/2024,"GRUBHUBPIEOLOGY GRUBHUB.COM NY               02/03",-26.54,DEBIT_CARD,2833.93,,
DEBIT,02/02/2024,"EXTRACT LABS 303-9276130 CO                  02/02",-38.20,DEBIT_CARD,2860.47,,
DEBIT,02/02/2024,"APPLE.COM/BILL 866-712-7753 CA               02/01",-14.00,DEBIT_CARD,2898.67,,
DEBIT,02/02/2024,"GRUBHUBCVS GRUBHUB.COM NY                    02/02",-55.02,DEBIT_CARD,2912.67,,
CREDIT,02/02/2024,"PAYPAL           TRANSFER                   PPD ID: PAYPALSD11",704.28,ACH_CREDIT,2967.69,,
CREDIT,02/02/2024,"Online Transfer from SAV ...8306 transaction#: 19759100517",1400.00,ACCT_XFER,2263.41,,
DEBIT,02/01/2024,"APPLE.COM/BILL 866-712-7753 CA               02/01",-10.77,DEBIT_CARD,863.41,,
DEBIT,02/01/2024,"METAPAY*Jessica Pugh pay.fb.com CA           01/31",-200.00,DEBIT_CARD,874.18,,
DEBIT,02/01/2024,"CVS/PHARMACY #09290 800-746-7287 AZ          01/31",-20.00,DEBIT_CARD,1074.18,,
DEBIT,02/01/2024,"CALENDLY HTTPSCALENDLY GA                    01/31",-10.71,DEBIT_CARD,1094.18,,
DEBIT,02/01/2024,"PYL*Con Am Property Ma 866-7295327 CA        01/31",-1581.62,DEBIT_CARD,1104.89,,
DEBIT,02/01/2024,"GRUBHUBBLACKBEARDINER GRUBHUB.COM NY         02/01",-20.48,DEBIT_CARD,2686.51,,
DEBIT,02/01/2024,"GRUBHUBNATIVEGRILLWIN GRUBHUB.COM NY         02/01",-35.76,DEBIT_CARD,2706.99,,
CREDIT,02/01/2024,"Online Transfer from SAV ...8306 transaction#: 19731450746",400.00,ACCT_XFER,2742.75,,
DEBIT,01/31/2024,"CIRCLE K 06360 4410 E PHOENIX AZ             01/31",-35.29,DEBIT_CARD,2342.75,,
DEBIT,01/31/2024,"CIRCLE K 06360 4410 E PHOENIX AZ             01/31",-19.07,DEBIT_CARD,2378.04,,
DEBIT,01/31/2024,"RF *CARING FOR FAMIL PHOENIX AZ              01/30",-25.00,DEBIT_CARD,2397.11,,
CREDIT,01/31/2024,"Online Transfer from SAV ...8306 transaction#: 19725949542",600.00,ACCT_XFER,2422.11,,
DEBIT,01/30/2024,"SALAD AND GO #1110 CHANDLER AZ               01/29",-6.94,DEBIT_CARD,1822.11,,
DEBIT,01/30/2024,"JARED-GALLERIA #473 CHANDLER AZ              01/29",-133.99,DEBIT_CARD,1829.05,,
DEBIT,01/30/2024,"TREND VAPE PHOENIX AZ                        01/29",-32.56,DEBIT_CARD,1963.04,,
DEBIT,01/30/2024,"GRUBHUBBLACKBEARDINER GRUBHUB.COM NY         01/30",-34.01,DEBIT_CARD,1995.60,,
DEBIT,01/30/2024,"METAPAY*Jessica Pugh pay.fb.com CA           01/29",-200.00,DEBIT_CARD,2029.61,,
DEBIT,01/29/2024,"APPLE.COM/BILL 866-712-7753 CA               01/29",-17.24,DEBIT_CARD,2229.61,,
DEBIT,01/29/2024,"IC* INSTACART 888-2467822 CA                 01/27",-67.94,DEBIT_CARD,2246.85,,
DEBIT,01/29/2024,"Payment to Chase card ending in 9901 01/29",-627.84,LOAN_PMT,2314.79,,
DEBIT,01/29/2024,"Autosave General Saving 11498918449",-830.00,ACCT_XFER,2942.63,,
DEBIT,01/29/2024,"MOHELA           QDR                        PPD ID: 3431261525",-152.21,ACH_DEBIT,3772.63,,
DEBIT,01/29/2024,"GRUBHUBGOPUFFCONVENIE GRUBHUB.COM NY         01/27",-46.90,DEBIT_CARD,3924.84,,
DEBIT,01/26/2024,"CSC SERVICEWORK CHANDLER AZ                  01/25",-2.00,DEBIT_CARD,3971.74,,
DEBIT,01/26/2024,"CSC SERVICEWORK SUN LAKES AZ                 01/25",-2.50,DEBIT_CARD,3973.74,,
CREDIT,01/26/2024,"ADP TOTALSOURCE  DIRECT DEP                 PPD ID: 9111111102",2913.91,ACH_CREDIT,3976.24,,
DEBIT,01/25/2024,"NON-CHASE ATM FEE-WITH",-3.00,FEE_TRANSACTION,1062.33,,
DEBIT,01/25/2024,"NON-CHASE ATM WITHDRAW               135031  01/245040 WEST",-63.00,ATM,1065.33,,
DEBIT,01/25/2024,"SHELL OIL 57442011003 SUN LAKES AZ           01/24",-25.70,DEBIT_CARD,1128.33,,
DEBIT,01/25/2024,"www.cvs.com 800-746-7287 RI                  01/24",-49.08,DEBIT_CARD,1154.03,,
DEBIT,01/25/2024,"AZ MVD FEE 602-255-0072 NY                   01/25",-1.00,DEBIT_CARD,1203.11,,
DEBIT,01/25/2024,"VITAL4MEN CHANDLER AZ                        01/23",-300.00,DEBIT_CARD,1204.11,,
DEBIT,01/25/2024,"VITAL4MEN CHANDLER AZ                        01/23",-45.00,DEBIT_CARD,1504.11,,
DEBIT,01/24/2024,"IC* INSTACART 888-2467822 CA                 01/24",-135.08,DEBIT_CARD,1549.11,,
DEBIT,01/24/2024,"GRUBHUBPIEOLOGY GRUBHUB.COM NY               01/23",-32.78,DEBIT_CARD,1684.19,,
DEBIT,01/23/2024,"WALGREENS STORE 1919 N CHANDLER AZ   750156  01/23",-11.90,DEBIT_CARD,1716.97,,
DEBIT,01/23/2024,"FRYS-MKTPLACE #6 9900 TEMPE AZ       450658  01/23",-9.80,DEBIT_CARD,1728.87,,
DEBIT,01/23/2024,"GEICO  *AUTO 800-841-3000 DC                 01/23",-118.25,DEBIT_CARD,1738.67,,
DEBIT,01/23/2024,"GRUBHUB* NEKTERJUICEBA GRUBHUB.COM IL        01/22",-21.16,DEBIT_CARD,1856.92,,
DEBIT,01/22/2024,"WALGREENS STORE 10324 SUN LAKES AZ   710091  01/22",-51.97,DEBIT_CARD,1878.08,,
DEBIT,01/22/2024,"CIRCLE K # 03480 4810 PHOENIX AZ             01/22",-8.38,DEBIT_CARD,1930.05,,
DEBIT,01/22/2024,"WHP-RIZZO'S PIZZA CHANDLER AZ                01/21",-6.00,DEBIT_CARD,1938.43,,
DEBIT,01/22/2024,"BURGER KING #7043  Q07 PHOENIX AZ            01/20",-17.97,DEBIT_CARD,1944.43,,
DEBIT,01/22/2024,"APPLE.COM/BILL 866-712-7753 CA               01/20",-10.77,DEBIT_CARD,1962.40,,
DEBIT,01/22/2024,"APPLE.COM/BILL 866-712-7753 CA               01/20",-20.47,DEBIT_CARD,1973.17,,
DEBIT,01/22/2024,"JOLIES PLACE CHANDLER AZ                     01/19",-67.51,DEBIT_CARD,1993.64,,
DEBIT,01/22/2024,"METAPAY*Jessica Pugh pay.fb.com CA           01/19",-30.00,DEBIT_CARD,2061.15,,
DEBIT,01/22/2024,"METAPAY*Jessica Pugh pay.fb.com CA           01/19",-30.00,DEBIT_CARD,2091.15,,
DEBIT,01/19/2024,"MACAYO'S AHWATUKEE PHOENIX AZ                01/18",-72.08,DEBIT_CARD,2121.15,,
DEBIT,01/19/2024,"AZ MVD FEE 602-255-0072 NY                   01/19",-5.63,DEBIT_CARD,2193.23,,
DEBIT,01/19/2024,"AZ MVD FEE 602-255-0072 NY                   01/19",-298.41,DEBIT_CARD,2198.86,,
DEBIT,01/19/2024,"U-HAUL STORAGE OF APA 800-789-3638 AZ        01/18",-56.21,DEBIT_CARD,2497.27,,
DEBIT,01/18/2024,"APPLE.COM/BILL 866-712-7753 CA               01/18",-10.77,DEBIT_CARD,2553.48,,
DEBIT,01/18/2024,"IC* INSTACART 888-2467822 CA                 01/17",-98.83,DEBIT_CARD,2564.25,,
DEBIT,01/18/2024,"GRUBHUBPIEOLOGY GRUBHUB.COM NY               01/18",-49.15,DEBIT_CARD,2663.08,,
DEBIT,01/18/2024,"METAPAY*Jessica Pugh MENLO PARK CA   429775  01/18",800.00,DEBIT_CARD,2712.23,,
CREDIT,01/18/2024,"Online Transfer from SAV ...8306 transaction#: 19609615338",1000.00,ACCT_XFER,1912.23,,
DEBIT,01/17/2024,"VZWRLSS*APOCC VISW 800-922-0204 FL           01/17",-75.70,DEBIT_CARD,912.23,,
DEBIT,01/17/2024,"GRUBHUBBLACKBEARDINER GRUBHUB.COM NY         01/17",-49.40,DEBIT_CARD,987.93,,
DEBIT,01/16/2024,"PAYPAL           INST XFER  EXPRESSVPN      WEB ID: PAYPALSI77",-12.95,ACH_DEBIT,1037.33,,
DEBIT,01/16/2024,"PAYPAL           INST XFER  UDEMY           WEB ID: PAYPALSI77",-17.24,ACH_DEBIT,1050.28,,
DEBIT,01/16/2024,"SALAD AND GO #1137 PHOENIX AZ                01/14",-13.94,DEBIT_CARD,1067.52,,
DEBIT,01/16/2024,"CVS/PHARMACY #03491 800-746-7287 AZ          01/14",-25.43,DEBIT_CARD,1081.46,,
DEBIT,01/16/2024,"RF *CARING FOR FAMIL 575-640-4329 AZ         01/14",-125.00,DEBIT_CARD,1106.89,,
DEBIT,01/16/2024,"ZIPPS SPORTS GRILL PHOENIX AZ                01/15",-81.25,DEBIT_CARD,1231.89,,
DEBIT,01/16/2024,"TREND VAPE PHOENIX AZ                        01/13",-55.35,DEBIT_CARD,1313.14,,
DEBIT,01/16/2024,"GOBRANDS INC. help_me@grubh AZ               01/14",-128.12,DEBIT_CARD,1368.49,,
DEBIT,01/16/2024,"APPLE.COM/BILL 866-712-7753 CA               01/13",-3.22,DEBIT_CARD,1496.61,,
DEBIT,01/16/2024,"GRUBHUBBLACKBEARDINER GRUBHUB.COM NY         01/14",-42.40,DEBIT_CARD,1499.83,,
DEBIT,01/16/2024,"GUMRD.COM* JORDI BRU HTTPSGUMROAD. CA        01/13",-31.80,DEBIT_CARD,1542.23,,
DEBIT,01/16/2024,"Autosave General Saving 11494128059",-830.00,ACCT_XFER,1574.03,,
DEBIT,01/16/2024,"VITAL4MEN CHANDLER AZ                        01/12",-45.00,DEBIT_CARD,2404.03,,
DEBIT,01/16/2024,"CVS/PHARMACY #09290 800-746-7287 AZ          01/12",-49.65,DEBIT_CARD,2449.03,,
DEBIT,01/12/2024,"CIRCLE K 05282 5060 E PHOENIX AZ             01/12",-15.74,DEBIT_CARD,2498.68,,
DEBIT,01/12/2024,"Payment to Chase card ending in 9901 01/12",-969.70,LOAN_PMT,2514.42,,
DEBIT,01/12/2024,"CVS/PHARMACY #03 03491 Sun Lakes AZ  053446  01/12",-66.98,DEBIT_CARD,3484.12,,
DEBIT,01/12/2024,"NETFLIX.COM NETFLIX.COM CA                   01/12",-7.54,DEBIT_CARD,3551.10,,
DEBIT,01/12/2024,"Rocket Money     Premium    ST-W9Q7P5O9E8P7 CCD ID: 1800948598",-8.68,MISC_DEBIT,3558.64,,
DEBIT,01/12/2024,"BURGER KING #7043  Q07 PHOENIX AZ            01/10",-20.70,DEBIT_CARD,3567.32,,
CREDIT,01/12/2024,"ADP TOTALSOURCE  DIRECT DEP                 PPD ID: 9111111102",2913.93,ACH_CREDIT,3588.02,,
DEBIT,01/11/2024,"ADVS ED SERV PPD STUDNTLOAN                 PPD ID: 9102001101",-311.47,ACH_DEBIT,674.09,,
DEBIT,01/11/2024,"IC* INSTACART*SUBSCR HTTPSINSTACAR CA        01/11",-10.55,DEBIT_CARD,985.56,,
DEBIT,01/11/2024,"CVS/PHARMACY #03491 800-746-7287 AZ          01/10",-30.00,DEBIT_CARD,996.11,,
DEBIT,01/11/2024,"CIRCLE K 05282 PHOENIX AZ                    01/10",-36.34,DEBIT_CARD,1026.11,,
DEBIT,01/11/2024,"TASKER ON TASKRABBIT WWW.TASKRABBI CA        01/10",-214.97,DEBIT_CARD,1062.45,,
DEBIT,01/11/2024,"BURGER KING #7043  Q07 PHOENIX AZ            01/09",-15.70,DEBIT_CARD,1277.42,,
DEBIT,01/10/2024,"CIRCLE K 05282 5060 E PHOENIX AZ             01/10",-17.70,DEBIT_CARD,1293.12,,
DEBIT,01/10/2024,"Nintendo CD1132712500 800-2553700 WA         01/10",-4.30,DEBIT_CARD,1310.82,,
DEBIT,01/10/2024,"AKIMEL ENTERPRISE LLC SUN LAKES AZ           01/09",-16.10,DEBIT_CARD,1315.12,,
DEBIT,01/09/2024,"BEST BUY      00008698 CHANDLER AZ           01/09",-43.10,DEBIT_CARD,1331.22,,
DEBIT,01/09/2024,"AMERICAN EXPRESS ACH PMT    M5184           WEB ID: 2005032111",-2.16,ACH_DEBIT,1374.32,,
DEBIT,01/09/2024,"AMERICAN EXPRESS ACH PMT    A8996           WEB ID: 9493560001",-20.02,ACH_DEBIT,1376.48,,
DEBIT,01/09/2024,"MCDONALD'S F24901 SUN LAKES AZ               01/08",-15.49,DEBIT_CARD,1396.50,,
DEBIT,01/09/2024,"SHELL OIL 57442011003 SUN LAKES AZ           01/08",-8.77,DEBIT_CARD,1411.99,,
DEBIT,01/09/2024,"Microsoft G036579191 701-2817490 WA          01/09",-18.30,DEBIT_CARD,1420.76,,
DEBIT,01/09/2024,"COX PHOENIX COMM SERV 800-234-3993 AZ        01/08",-50.00,DEBIT_CARD,1439.06,,
DEBIT,01/09/2024,"CIRCLE K # 05301 CHANDLER AZ                 01/07",-5.58,DEBIT_CARD,1489.06,,
DEBIT,01/09/2024,"U-HAUL MOVING & STORAGE SUN LAKES AZ         01/08",-216.46,DEBIT_CARD,1494.64,,
DEBIT,01/08/2024,"PIZZA HUT 35865 https://ipcha AZ             01/07",-51.22,DEBIT_CARD,1711.10,,
DEBIT,01/08/2024,"CIRCLE K # 03480 4810 PHOENIX AZ             01/07",-39.56,DEBIT_CARD,1762.32,,
DEBIT,01/08/2024,"CIRCLE K # 03480 4810 PHOENIX AZ             01/07",-2.27,DEBIT_CARD,1801.88,,
DEBIT,01/08/2024,"CIRCLE K # 03480 4810 PHOENIX AZ             01/07",-22.47,DEBIT_CARD,1804.15,,
DEBIT,01/08/2024,"TACO BELL 037541 PHOENIX AZ                  01/06",-34.47,DEBIT_CARD,1826.62,,
DEBIT,01/08/2024,"METAPAY*Jessica Pugh pay.fb.com CA           01/06",-780.16,DEBIT_CARD,1861.09,,
DEBIT,01/08/2024,"MSI INSURANCE 844-788-0873 TX                01/06",-213.00,DEBIT_CARD,2641.25,,
DEBIT,01/08/2024,"PYL*Con Am Property Ma 866-7295327 CA        01/06",-62.77,DEBIT_CARD,2854.25,,
DEBIT,01/08/2024,"PYL*Con Am Property Ma 866-7295327 CA        01/06",-62.77,DEBIT_CARD,2917.02,,
DEBIT,01/08/2024,"U-HAUL MOVING & STORA 800-789-3638 AZ        01/06",-88.87,DEBIT_CARD,2979.79,,
DEBIT,01/08/2024,"USPS PO 03148202 123 W CHANDLER AZ   753014  01/06",-20.58,DEBIT_CARD,3068.66,,
DEBIT,01/08/2024,"JOLIES PLACE CHANDLER AZ                     01/05",-83.89,DEBIT_CARD,3089.24,,
DEBIT,01/08/2024,"ORBITEL COMMUNICATION 520-568-8890 AZ        01/05",-49.95,DEBIT_CARD,3173.13,,
DEBIT,01/08/2024,"APPLE.COM/BILL 866-712-7753 CA               01/06",-6.46,DEBIT_CARD,3223.08,,
DEBIT,01/08/2024,"U-HAUL STORAGE OF APA 800-789-3638 AZ        01/05",-61.33,DEBIT_CARD,3229.54,,
CREDIT,01/08/2024,"Online Transfer from SAV ...8306 transaction#: 19509215717",2000.00,ACCT_XFER,3290.87,,
DEBIT,01/05/2024,"Payment to Chase card ending in 9901 01/05",-716.70,LOAN_PMT,1290.87,,
DEBIT,01/05/2024,"THE VAPE LAB 1 CHANDLER AZ                   01/04",-44.17,DEBIT_CARD,2007.57,,
DEBIT,01/04/2024,"PAYPAL           INST XFER  SPOTIFYUSAI     WEB ID: PAYPALSI77",-16.28,ACH_DEBIT,2051.74,,
DEBIT,01/04/2024,"SYNCHRONY BANK   PAYMENT    504662204854782 WEB ID: 1061537262",-155.00,ACH_DEBIT,2068.02,,
DEBIT,01/03/2024,"LIGHTHOUSE PSYCHIATRY 480-5656440 AZ         01/02",-25.00,DEBIT_CARD,2223.02,,
DEBIT,01/02/2024,"CALENDLY HTTPSCALENDLY GA                    12/31",-10.71,DEBIT_CARD,2248.02,,
DEBIT,01/02/2024,"Autosave General Saving 11488963998",-830.00,ACCT_XFER,2258.73,,
DEBIT,01/02/2024,"CVS/PHARMACY #00193 800-746-7287 AZ          12/29",-10.00,DEBIT_CARD,3088.73,,
DEBIT,01/02/2024,"METAPAY*Jessica Pugh pay.fb.com CA           12/29",-493.00,DEBIT_CARD,3098.73,,
DEBIT,12/29/2023,"CVS/PHARMACY #00 00193 Chandler AZ   536973  12/29",-57.63,DEBIT_CARD,3591.73,,
DEBIT,12/29/2023,"UNITY TECHNOLOGI IAT PAYPAL 1031580883933   WEB ID: 770510487C",-16.18,ACH_DEBIT,3649.36,,
DEBIT,12/29/2023,"IC* INSTACART 888-2467822 CA                 12/29",-67.89,DEBIT_CARD,3665.54,,
CREDIT,12/29/2023,"ADP TOTALSOURCE  DIRECT DEP                 PPD ID: 9111111101",2919.70,ACH_CREDIT,3733.43,,
DEBIT,12/28/2023,"MOHELA           QDR                        PPD ID: 3431261525",-152.21,ACH_DEBIT,813.73,,
DEBIT,12/28/2023,"DOUBLE WOOD SUPPLEMENT 570-4370203 PA        12/27",-21.21,DEBIT_CARD,965.94,,
DEBIT,12/27/2023,"Nintendo CA1119573810 800-2553700 WA         12/26",-13.46,DEBIT_CARD,987.15,,
DEBIT,12/27/2023,"Nintendo CA1119570118 800-2553700 WA         12/26",-2.68,DEBIT_CARD,1000.61,,
DEBIT,12/27/2023,"283 HARDEES ROBINSON ROBINSON IL             12/26",-26.85,DEBIT_CARD,1003.29,,
DEBIT,12/26/2023,"NON-CHASE ATM FEE-WITH",-3.00,FEE_TRANSACTION,1030.14,,
DEBIT,12/26/2023,"CASEYS #2325 1104 S WI EFFINGHAM IL  149780  12/26",-16.22,DEBIT_CARD,1033.14,,
DEBIT,12/26/2023,"APPLE.COM/BILL 866-712-7753 CA               12/26",-17.24,DEBIT_CARD,1049.36,,
DEBIT,12/26/2023,"CASEYS #1866 1603 W MA ROBINSON IL   136838  12/23",-7.63,DEBIT_CARD,1066.60,,
DEBIT,12/26/2023,"D-J'S PARTY SUPPLY ROBINSON IL               12/23",-35.08,DEBIT_CARD,1074.23,,
DEBIT,12/26/2023,"HUCK'S FOOD & F Robinson IL                  12/23",-6.55,DEBIT_CARD,1109.31,,
DEBIT,12/26/2023,"NON-CHASE ATM WITHDRAW               249382  12/23501 E MAI",-204.00,ATM,1115.86,,
DEBIT,12/26/2023,"Wal-Mart Super Center ROBINSON IL            12/23",-20.66,DEBIT_CARD,1319.86,,
DEBIT,12/26/2023,"ROBINSON RURAL KING SUP ROBINSON IL          12/23",-21.25,DEBIT_CARD,1340.52,,
DEBIT,12/26/2023,"VILLAS COUNTRY STORE LL FLAT ROCK IL         12/23",-44.59,DEBIT_CARD,1361.77,,
DEBIT,12/26/2023,"GEICO  *AUTO 800-841-3000 DC                 12/23",-118.25,DEBIT_CARD,1406.36,,
DEBIT,12/26/2023,"VENMO            PAYMENT    1031450944895   WEB ID: 3264681992",-5.00,ACH_DEBIT,1524.61,,
DEBIT,12/26/2023,"NATIONAL ENTERTAINMEN FERGUSON MO            12/22",-2.00,DEBIT_CARD,1529.61,,
DEBIT,12/26/2023,"NATIONAL ENTERTAINMEN FERGUSON MO            12/22",-2.00,DEBIT_CARD,1531.61,,
DEBIT,12/26/2023,"STEAK-N-SHAKE#0153 Q99 ST LOUIS MO           12/22",-24.73,DEBIT_CARD,1533.61,,
DEBIT,12/26/2023,"CONNECTIONS D ST2878 TEMPE AZ                12/22",-5.41,DEBIT_CARD,1558.34,,
DEBIT,12/26/2023,"VITAL4MEN CHANDLER AZ                        12/21",-369.00,DEBIT_CARD,1563.75,,
DEBIT,12/26/2023,"VITAL4MEN CHANDLER AZ                        12/21",-87.00,DEBIT_CARD,1932.75,,
DEBIT,12/22/2023,"CVS/PHARMACY #00193 800-746-7287 AZ          12/21",-7.70,DEBIT_CARD,2019.75,,
DEBIT,12/22/2023,"DAIRY QUEEN #44452 CHANDLER AZ               12/21",-19.22,DEBIT_CARD,2027.45,,
DEBIT,12/20/2023,"PIZZA HUT 35865 https://ipcha AZ             12/19",-45.26,DEBIT_CARD,2046.67,,
DEBIT,12/20/2023,"APPLE.COM/BILL 866-712-7753 CA               12/19",-20.47,DEBIT_CARD,2091.93,,
DEBIT,12/19/2023,"U-HAUL STORAGE OF APA 800-789-3638 AZ        12/18",-56.21,DEBIT_CARD,2112.40,,
DEBIT,12/18/2023,"PAYPAL           INST XFER  EXPRESSVPN      WEB ID: PAYPALSI77",-12.95,ACH_DEBIT,2168.61,,
DEBIT,12/18/2023,"VZWRLSS*APOCC VISW 800-922-0204 FL           12/17",-75.54,DEBIT_CARD,2181.56,,
DEBIT,12/18/2023,"GRUBHUBWHATABURGER GRUBHUB.COM NY            12/18",-34.00,DEBIT_CARD,2257.10,,
DEBIT,12/18/2023,"LABCORP8008456167 800-845-6167 NC            12/16",-10.99,DEBIT_CARD,2291.10,,
DEBIT,12/18/2023,"Autosave General Saving 11483406921",-830.00,ACCT_XFER,2302.09,,
DEBIT,12/18/2023,"JOLIES PLACE CHANDLER AZ                     12/15",-92.07,DEBIT_CARD,3132.09,,
DEBIT,12/18/2023,"DJs Smoke Shop 2 Chandler AZ         494172  12/15",-24.88,DEBIT_CARD,3224.16,,
DEBIT,12/18/2023,"IN *JUNK KING GILBERT 385-3847686 AZ         12/15",-128.00,DEBIT_CARD,3249.04,,
DEBIT,12/15/2023,"Payment to Chase card ending in 9901 12/15",-675.00,LOAN_PMT,3377.04,,
CREDIT,12/15/2023,"ADP TOTALSOURCE  DIRECT DEP                 PPD ID: 9111111101",2897.79,ACH_CREDIT,4052.04,,
DEBIT,12/14/2023,"BARROS PIZZA - E RIGGS CHANDLER AZ           12/13",-60.48,DEBIT_CARD,1154.25,,
DEBIT,12/14/2023,"APPLE.COM/BILL 866-712-7753 CA               12/13",-3.22,DEBIT_CARD,1214.73,,
DEBIT,12/13/2023,"Rocket Money     Premium    ST-K9X0M3Z4T0B6 CCD ID: 4270465600",-8.68,MISC_DEBIT,1217.95,,
DEBIT,12/13/2023,"WHP-RIVER BAR CHANDLER AZ                    12/13",-9.00,DEBIT_CARD,1226.63,,
DEBIT,12/13/2023,"RF *CARING FOR FAMIL PHOENIX AZ              12/12",-25.00,DEBIT_CARD,1235.63,,
DEBIT,12/13/2023,"THE VAPE LAB 1 CHANDLER AZ                   12/12",-44.17,DEBIT_CARD,1260.63,,
DEBIT,12/13/2023,"SHELL OIL 57442011003 SUN LAKES AZ           12/12",-43.19,DEBIT_CARD,1304.80,,
DEBIT,12/12/2023,"NETFLIX.COM NETFLIX.COM CA                   12/12",-7.54,DEBIT_CARD,1347.99,,
DEBIT,12/11/2023,"NON-CHASE ATM FEE-WITH",-3.00,FEE_TRANSACTION,1355.53,,
DEBIT,12/11/2023,"AMERICAN EXPRESS ACH PMT    A6992           WEB ID: 9493560001",-2.16,ACH_DEBIT,1358.53,,
DEBIT,12/11/2023,"Nintendo CD1106971496 800-2553700 WA         12/11",-4.30,DEBIT_CARD,1360.69,,
DEBIT,12/11/2023,"VQ-TASTE KITCHEN LAVEEN AZ                   12/10",-7.00,DEBIT_CARD,1364.99,,
DEBIT,12/11/2023,"NON-CHASE ATM WITHDRAW               547323  12/0915091 S K",-103.00,ATM,1371.99,,
DEBIT,12/11/2023,"IC* INSTACART*SUBSCR HTTPSINSTACAR CA        12/10",-10.55,DEBIT_CARD,1474.99,,
DEBIT,12/11/2023,"ADVS ED SERV PPD STUDNTLOAN                 PPD ID: 9102001101",-311.47,ACH_DEBIT,1485.54,,
DEBIT,12/11/2023,"FIBBER MAGEES CHANDLER AZ                    12/09",-135.00,DEBIT_CARD,1797.01,,
DEBIT,12/11/2023,"VITAL4MEN CHANDLER AZ                        12/08",-42.00,DEBIT_CARD,1932.01,,
DEBIT,12/11/2023,"VITAL4MEN CHANDLER AZ                        12/08",-45.00,DEBIT_CARD,1974.01,,
DEBIT,12/08/2023,"DJs Smoke Shop 2 Chandler AZ         019038  12/08",-38.70,DEBIT_CARD,2019.01,,
DEBIT,12/08/2023,"ORBITEL COMMUNICATION 520-568-8890 AZ        12/07",-49.95,DEBIT_CARD,2057.71,,
DEBIT,12/08/2023,"APPLE.COM/BILL 866-712-7753 CA               12/07",-6.46,DEBIT_CARD,2107.66,,
DEBIT,12/07/2023,"WE DELIVER       IAT PAYPAL 1031140633605   WEB ID: 770510487C",-26.99,ACH_DEBIT,2114.12,,
DEBIT,12/07/2023,"WHP-RIZZO'S PIZZA CHANDLER AZ                12/06",-8.00,DEBIT_CARD,2141.11,,
DEBIT,12/06/2023,"U-HAUL STORAGE OF APA 800-789-3638 AZ        12/05",-61.33,DEBIT_CARD,2149.11,,
DEBIT,12/05/2023,"LIGHTHOUSE PSYCHIATRY 480-5656440 AZ         12/04",-25.00,DEBIT_CARD,2210.44,,
DEBIT,12/04/2023,"PAYPAL           INST XFER  SPOTIFYUSAI     WEB ID: PAYPALSI77",-16.28,ACH_DEBIT,2235.44,,
DEBIT,12/04/2023,"IC* INSTACART 888-2467822 CA                 12/04",-82.61,DEBIT_CARD,2251.72,,
DEBIT,12/04/2023,"SYNCHRONY BANK   PAYMENT    504662204854782 WEB ID: 1061537262",-160.00,ACH_DEBIT,2334.33,,
DEBIT,12/04/2023,"PAYPAL           INST XFER  EMOTIV          WEB ID: PAYPALSI77",-939.05,ACH_DEBIT,2494.33,,
DEBIT,12/04/2023,"Autosave General Saving 11478232616",-830.00,ACCT_XFER,3433.38,,
DEBIT,12/04/2023,"JOLIES PLACE CHANDLER AZ                     12/01",-55.00,DEBIT_CARD,4263.38,,
DEBIT,12/04/2023,"VITAL4MEN CHANDLER AZ                        12/01",-90.00,DEBIT_CARD,4318.38,,
DEBIT,12/04/2023,"IC* INSTACART 888-2467822 CA                 12/01",-289.33,DEBIT_CARD,4408.38,,
CREDIT,12/04/2023,"Online Transfer from SAV ...8306 transaction#: 19183785650",860.00,ACCT_XFER,4697.71,,
DEBIT,12/01/2023,"TARGET        00027474 CHANDLER AZ           11/30",-18.65,DEBIT_CARD,3837.71,,
DEBIT,12/01/2023,"TARGET        00027474 CHANDLER AZ           11/30",-89.59,DEBIT_CARD,3856.36,,
DEBIT,12/01/2023,"CVS/PHARMACY #03491 800-746-7287 AZ          11/30",-10.00,DEBIT_CARD,3945.95,,
DEBIT,12/01/2023,"CALENDLY HTTPSCALENDLY GA                    11/30",-10.71,DEBIT_CARD,3955.95,,
CREDIT,12/01/2023,"ADP TOTALSOURCE  DIRECT DEP                 PPD ID: 9111111102",2897.79,ACH_CREDIT,3966.66,,
DEBIT,11/29/2023,"Payment to Chase card ending in 9901 11/29",-1276.56,LOAN_PMT,1068.87,,
DEBIT,11/29/2023,"RF *CARING FOR FAMIL 575-640-4329 AZ         11/28",-25.00,DEBIT_CARD,2345.43,,
DEBIT,11/29/2023,"APPLE.COM/BILL 866-712-7753 CA               11/28",-16.16,DEBIT_CARD,2370.43,,
CREDIT,11/29/2023,"Online Transfer from SAV ...8306 transaction#: 19136341303",860.00,ACCT_XFER,2386.59,,
CREDIT,11/29/2023,"Online Transfer from SAV ...8306 transaction#: 19136358696",860.00,ACCT_XFER,1526.59,,
DEBIT,11/28/2023,"MOHELA           QDR                        PPD ID: 3431261525",-152.21,ACH_DEBIT,666.59,,
DEBIT,11/28/2023,"ONEMED-SANTAN VILLAGE 888-6636331 AZ         11/27",-25.00,DEBIT_CARD,818.80,,
DEBIT,11/28/2023,"PIZZA HUT 35865 https://ipcha AZ             11/27",-63.13,DEBIT_CARD,843.80,,
DEBIT,11/27/2023,"UNITY TECHNOLOGI IAT PAYPAL 1030900612332   WEB ID: 770510487C",-8.56,ACH_DEBIT,906.93,,
DEBIT,11/27/2023,"STT ENT.         IAT PAYPAL 1030891717622   WEB ID: 770510487C",-39.97,ACH_DEBIT,915.49,,
DEBIT,11/27/2023,"CVS/PHARMACY #03 03491 Sun Lakes AZ  306142  11/27",-5.00,DEBIT_CARD,955.46,,
DEBIT,11/27/2023,"ATM WITHDRAWAL                       000536  11/269538 E RI",-100.00,ATM,960.46,,
DEBIT,11/27/2023,"Zelle payment to Katherine Bogushefsky 19111830328",-150.00,QUICKPAY_DEBIT,1060.46,,
DEBIT,11/27/2023,"SHELL OIL 57445946007 PHOENIX AZ             11/26",-12.03,DEBIT_CARD,1210.46,,
DEBIT,11/27/2023,"MCDONALD'S F25154 CHANDLER AZ                11/25",-18.33,DEBIT_CARD,1222.49,,
DEBIT,11/27/2023,"AKIMEL SMOKE SHOP SUN LAKES AZ               11/25",-2.99,DEBIT_CARD,1240.82,,
DEBIT,11/27/2023,"TOM RYAN'S LOUNGE CHANDLER AZ                11/24",-10.00,DEBIT_CARD,1243.81,,
DEBIT,11/27/2023,"JOLIES PLACE CHANDLER AZ                     11/24",-40.00,DEBIT_CARD,1253.81,,
DEBIT,11/27/2023,"Nintendo CA1096051622 800-2553700 WA         11/24",-6.73,DEBIT_CARD,1293.81,,
DEBIT,11/27/2023,"CVS/PHARMACY #03491 800-746-7287 AZ          11/24",-2.30,DEBIT_CARD,1300.54,,
DEBIT,11/27/2023,"CIRCLE K 03394 MARANA AZ                     11/23",-18.36,DEBIT_CARD,1302.84,,
DEBIT,11/24/2023,"GRAVITATE SMOKE SHOP 4 CHANDLER AZ           11/23",-59.27,DEBIT_CARD,1321.20,,
DEBIT,11/24/2023,"GEICO  *AUTO 800-841-3000 DC                 11/23",-118.25,DEBIT_CARD,1380.47,,
DEBIT,11/24/2023,"CIRCLE K 05973 CHANDLER AZ                   11/22",-10.83,DEBIT_CARD,1498.72,,
DEBIT,11/24/2023,"JOLIES PLACE CHANDLER AZ                     11/22",-160.15,DEBIT_CARD,1509.55,,
DEBIT,11/24/2023,"RF *CARING FOR FAMIL PHOENIX AZ              11/22",-25.00,DEBIT_CARD,1669.70,,
DEBIT,11/24/2023,"THE VAPE LAB 1 CHANDLER AZ                   11/22",-59.26,DEBIT_CARD,1694.70,,
DEBIT,11/22/2023,"DJs Smoke Shop 2 Chandler AZ         960922  11/22",-24.88,DEBIT_CARD,1753.96,,
DEBIT,11/22/2023,"Online Transfer to SAV ...8306 transaction#: 19081984271 11/22",-90.00,ACCT_XFER,1778.84,,
DEBIT,11/21/2023,"WHP-RIZZO'S PIZZA CHANDLER AZ                11/21",-8.48,DEBIT_CARD,1868.84,,
DEBIT,11/21/2023,"THE VAPE LAB 1 CHANDLER AZ                   11/20",-17.24,DEBIT_CARD,1877.32,,
DEBIT,11/21/2023,"LIGHTHOUSE PSYCHIATRY 480-5656440 AZ         11/20",-25.00,DEBIT_CARD,1894.56,,
DEBIT,11/21/2023,"GRUBHUBOUTBACKSTEAKHO GRUBHUB.COM NY         11/21",-53.24,DEBIT_CARD,1919.56,,
DEBIT,11/20/2023,"NON-CHASE ATM FEE-WITH",-3.00,FEE_TRANSACTION,1972.80,,
DEBIT,11/20/2023,"NON-CHASE ATM WITHDRAW               359176  11/205040 WEST",-103.00,ATM,1975.80,,
DEBIT,11/20/2023,"APPLE.COM/BILL 866-712-7753 CA               11/19",-20.47,DEBIT_CARD,2078.80,,
DEBIT,11/20/2023,"Autosave General Saving 11472987567",-830.00,ACCT_XFER,2099.27,,
DEBIT,11/20/2023,"MAJESTIC CHANDLER 9 ALO CHANDLER AZ          11/19",-81.71,DEBIT_CARD,2929.27,,
DEBIT,11/20/2023,"MAJESTIC CHANDLER 9 B&M CHANDLER AZ          11/18",-25.34,DEBIT_CARD,3010.98,,
DEBIT,11/20/2023,"SHELL OIL 57442011003 SUN LAKES AZ           11/18",-18.16,DEBIT_CARD,3036.32,,
DEBIT,11/20/2023,"CHANDLER SMOKE AND CIGA CHANDLER AZ          11/18",-75.42,DEBIT_CARD,3054.48,,
DEBIT,11/20/2023,"QT 427 CHANDLER AZ                           11/18",-39.88,DEBIT_CARD,3129.90,,
DEBIT,11/20/2023,"QT 427 CHANDLER AZ                           11/18",-13.44,DEBIT_CARD,3169.78,,
DEBIT,11/20/2023,"U-HAUL STORAGE OF APA 800-789-3638 AZ        11/18",-56.21,DEBIT_CARD,3183.22,,
DEBIT,11/17/2023,"DJs Smoke Shop 2 Chandler AZ         486822  11/17",-24.88,DEBIT_CARD,3239.43,,
DEBIT,11/17/2023,"VZWRLSS*APOCC VISW 800-922-0204 FL           11/17",-74.88,DEBIT_CARD,3264.31,,
CREDIT,11/17/2023,"ADP TOTALSOURCE  DIRECT DEP                 PPD ID: 9111111101",2897.79,ACH_CREDIT,3339.19,,
DEBIT,11/16/2023,"PAYPAL           INST XFER  EXPRESSVPN      WEB ID: PAYPALSI77",-12.95,ACH_DEBIT,441.40,,
DEBIT,11/16/2023,"APPLE.COM/BILL 866-712-7753 CA               11/16",-3.22,DEBIT_CARD,454.35,,
DEBIT,11/16/2023,"READYREFRESH/WATERSER 800-274-5282 CA        11/16",20.00,DEBIT_CARD,457.57,,
DEBIT,11/15/2023,"IC* INSTACART 888-246-7822 CA                11/15",-44.82,DEBIT_CARD,437.57,,
DEBIT,11/15/2023,"RF *CARING FOR FAMIL 575-640-4329 AZ         11/14",-28.25,DEBIT_CARD,482.39,,
DEBIT,11/15/2023,"THE VAPE LAB 1 CHANDLER AZ                   11/14",-38.79,DEBIT_CARD,510.64,,
DEBIT,11/14/2023,"FOREIGN EXCHANGE RATE ADJUSTMENT FEE         11/12WRECKED A",-2.65,FEE_TRANSACTION,549.43,,
DEBIT,11/14/2023,"ADVS ED SERV PPD STUDNTLOAN                 PPD ID: 9102001101",-311.47,ACH_DEBIT,552.08,,
DEBIT,11/14/2023,"MCDONALD'S F11680 GILA BEND AZ               11/13",-27.00,DEBIT_CARD,863.55,,
DEBIT,11/14/2023,"WRECKED AT REEF 7 PTO PENASCO S              11/12 MX Nu Peso 1555.00 X 0.05682315 (EXCHG RTE)",-88.36,DEBIT_CARD,890.55,,
DEBIT,11/13/2023,"Payment to Chase card ending in 9901 11/13",-995.78,LOAN_PMT,978.91,,
DEBIT,11/13/2023,"Rocket Money     Premium    ST-T2T8Z0P7W3S2 CCD ID: 4270465600",-8.00,MISC_DEBIT,1974.69,,
DEBIT,11/13/2023,"SNP*ROCKYPOINTME CIUDAD DE MEX               11/12",-26.96,DEBIT_CARD,1982.69,,
DEBIT,11/13/2023,"NETFLIX.COM NETFLIX.COM CA                   11/12",-7.54,DEBIT_CARD,2009.65,,
DEBIT,11/13/2023,"Nintendo CD1087348346 800-2553700 WA         11/11",-4.30,DEBIT_CARD,2017.19,,
DEBIT,11/13/2023,"CIRCLE K # 03479 GILA BEND AZ                11/10",-9.51,DEBIT_CARD,2021.49,,
DEBIT,11/13/2023,"INTERNATIONAL INSURAN 928-214-9750 AZ        11/10",-85.95,DEBIT_CARD,2031.00,,
DEBIT,11/13/2023,"MCDONALD'S F24901 SUN LAKES AZ               11/10",-24.20,DEBIT_CARD,2116.95,,
DEBIT,11/13/2023,"VITAL4MEN CHANDLER AZ                        11/09",-87.00,DEBIT_CARD,2141.15,,
CREDIT,11/13/2023,"Online Transfer from SAV ...8306 transaction#: 18996035997",600.00,ACCT_XFER,2228.15,,
DEBIT,11/10/2023,"GASTRAK OF LUKE LUKEVILLE AZ                 11/10",-25.82,DEBIT_CARD,1628.15,,
DEBIT,11/09/2023,"KOHLS 0619 1430 S ARIZ CHANDLER AZ   955664  11/09",-66.83,DEBIT_CARD,1653.97,,
DEBIT,11/09/2023,"Microsoft G032526174 701-2817490 WA          11/09",-12.93,DEBIT_CARD,1720.80,,
DEBIT,11/09/2023,"IC* INSTACART*SUBSCR HTTPSINSTACAR CA        11/09",-10.55,DEBIT_CARD,1733.73,,
DEBIT,11/09/2023,"CVS/PHARMACY #00193 800-746-7287 AZ          11/08",-10.00,DEBIT_CARD,1744.28,,
DEBIT,11/09/2023,"THE VAPE LAB 1 CHANDLER AZ                   11/08",-49.57,DEBIT_CARD,1754.28,,
DEBIT,11/09/2023,"SHELL OIL 57442011003 SUN LAKES AZ           11/08",-11.99,DEBIT_CARD,1803.85,,
DEBIT,11/08/2023,"SHELL SERVICE STATION SUN LAKES AZ   674523  11/08",-46.49,DEBIT_CARD,1815.84,,
DEBIT,11/08/2023,"ORBITEL COMMUNICATION 520-568-8890 AZ        11/07",-49.95,DEBIT_CARD,1862.33,,
DEBIT,11/07/2023,"LIGHTHOUSE PSYCHIATRY 480-5656440 AZ         11/06",-50.00,DEBIT_CARD,1912.28,,
DEBIT,11/06/2023,"PAYPAL           INST XFER  SPOTIFYUSAI     WEB ID: PAYPALSI77",-16.28,ACH_DEBIT,1962.28,,
DEBIT,11/06/2023,"PAYPAL           INST XFER  NOOTROPICSD     WEB ID: PAYPALSI77",-75.03,ACH_DEBIT,1978.56,,
DEBIT,11/06/2023,"SYNCHRONY BANK   PAYMENT    504662204854782 WEB ID: 1061537262",-166.00,ACH_DEBIT,2053.59,,
DEBIT,11/06/2023,"Payment to Chase card ending in 9901 11/06",-460.30,LOAN_PMT,2219.59,,
DEBIT,11/06/2023,"IC* INSTACART 888-2467822 CA                 11/05",-99.66,DEBIT_CARD,2679.89,,
DEBIT,11/06/2023,"APPLE.COM/BILL 866-712-7753 CA               11/06",-6.46,DEBIT_CARD,2779.55,,
DEBIT,11/06/2023,"U-HAUL STORAGE OF APA 800-789-3638 AZ        11/05",-61.33,DEBIT_CARD,2786.01,,
DEBIT,11/06/2023,"RAISING CANES 0738 CHANDLER AZ               11/04",-18.64,DEBIT_CARD,2847.34,,
DEBIT,11/06/2023,"Autosave General Saving 11467788902",-830.00,ACCT_XFER,2865.98,,
DEBIT,11/06/2023,"JOLIES PLACE CHANDLER AZ                     11/03",-79.38,DEBIT_CARD,3695.98,,
DEBIT,11/06/2023,"JOLIES PLACE CHANDLER AZ                     11/03",-8.75,DEBIT_CARD,3775.36,,
DEBIT,11/06/2023,"JOLIES PLACE CHANDLER AZ                     11/03",-6.00,DEBIT_CARD,3784.11,,
DEBIT,11/06/2023,"TACO BELL 037573 CHANDLER AZ                 11/03",-14.00,DEBIT_CARD,3790.11,,
DEBIT,11/06/2023,"GRAVITATE SMOKE SHOP 6 CHANDLER AZ           11/03",-47.76,DEBIT_CARD,3804.11,,
CREDIT,11/03/2023,"ADP TOTALSOURCE  DIRECT DEP                 PPD ID: 9111111102",2897.80,ACH_CREDIT,3851.87,,
DEBIT,11/02/2023,"VENMO            PAYMENT    1030355363313   WEB ID: 3264681992",-15.00,ACH_DEBIT,954.07,,
DEBIT,11/01/2023,"LIGHTHOUSE PSYCHIATRY 480-5656440 AZ         10/31",-25.00,DEBIT_CARD,969.07,,
DEBIT,11/01/2023,"CALENDLY HTTPSCALENDLY GA                    10/31",-10.71,DEBIT_CARD,994.07,,
DEBIT,10/31/2023,"NON-CHASE ATM FEE-WITH",-3.00,FEE_TRANSACTION,1004.78,,
DEBIT,10/31/2023,"NON-CHASE ATM WITHDRAW               817035  10/311077 SOUT",-103.00,ATM,1007.78,,
DEBIT,10/31/2023,"APPLE.COM/BILL 866-712-7753 CA               10/30",-21.55,DEBIT_CARD,1110.78,,
DEBIT,10/30/2023,"STT ENT.         IAT PAYPAL 1030244849434   WEB ID: 770510487C",-39.97,ACH_DEBIT,1132.33,,
DEBIT,10/30/2023,"PAYPAL           INST XFER  OPENEDUCATI     WEB ID: PAYPALSI77",-49.00,ACH_DEBIT,1172.30,,
DEBIT,10/30/2023,"JOLIES PLACE CHANDLER AZ                     10/29",-155.90,DEBIT_CARD,1221.30,,
DEBIT,10/30/2023,"THE BAR GILBERT AZ                           10/28",-38.24,DEBIT_CARD,1377.20,,
DEBIT,10/30/2023,"THE BAR GILBERT AZ                           10/28",-44.26,DEBIT_CARD,1415.44,,
DEBIT,10/30/2023,"EB GILBERT HALLOWEEN 8014137200 CA           10/29",-61.94,DEBIT_CARD,1459.70,,
DEBIT,10/30/2023,"METAPAY*Jessica Pugh pay.fb.com CA           10/28",-30.00,DEBIT_CARD,1521.64,,
DEBIT,10/30/2023,"MOHELA           QDR                        PPD ID: 3431261525",-152.21,ACH_DEBIT,1551.64,,
DEBIT,10/30/2023,"APPLE.COM/BILL 866-712-7753 CA               10/28",-16.16,DEBIT_CARD,1703.85,,
DEBIT,10/30/2023,"JACK IN THE BOX 1548 CHANDLER AZ             10/28",-28.61,DEBIT_CARD,1720.01,,
DEBIT,10/30/2023,"THE VAPE LAB 1 CHANDLER AZ                   10/27",-49.57,DEBIT_CARD,1748.62,,
DEBIT,10/26/2023,"UBR POSTMATES HELP.UBER.COM CA               10/26",-25.56,DEBIT_CARD,1798.19,,
DEBIT,10/25/2023,"METAPAY*Danie Griffin pay.fb.com CA          10/24",-380.00,DEBIT_CARD,1823.75,,
DEBIT,10/23/2023,"GEICO  *AUTO 800-841-3000 DC                 10/23",-118.19,DEBIT_CARD,2203.75,,
DEBIT,10/23/2023,"Spirit Halloween 60192 Chandler AZ   290735  10/21",-43.11,DEBIT_CARD,2321.94,,
DEBIT,10/23/2023,"Autosave General Saving 11462263890",-830.00,ACCT_XFER,2365.05,,
DEBIT,10/23/2023,"JACK IN THE BOX 1195 CHANDLER AZ             10/20",-25.37,DEBIT_CARD,3195.05,,
DEBIT,10/23/2023,"JOLIES PLACE CHANDLER AZ                     10/20",-49.62,DEBIT_CARD,3220.42,,
DEBIT,10/23/2023,"GRAVITATE SMOKE SHOP 6 CHANDLER AZ           10/20",-40.17,DEBIT_CARD,3270.04,,
DEBIT,10/20/2023,"N.G.C.A TECHNOLO IAT PAYPAL 1030111345656   WEB ID: 770510487C",-59.99,ACH_DEBIT,3310.21,,
DEBIT,10/20/2023,"SHELL OIL 57442011003 SUN LAKES AZ           10/19",-27.40,DEBIT_CARD,3370.20,,
CREDIT,10/20/2023,"ADP TOTALSOURCE  DIRECT DEP                 PPD ID: 9111111102",2897.79,ACH_CREDIT,3397.60,,
DEBIT,10/19/2023,"APPLE.COM/BILL 866-712-7753 CA               10/19",-20.47,DEBIT_CARD,499.81,,
DEBIT,10/19/2023,"CVS/PHARMACY #03491 800-746-7287 AZ          10/18",-53.65,DEBIT_CARD,520.28,,
DEBIT,10/19/2023,"U-HAUL STORAGE OF APA 800-789-3638 AZ        10/18",-56.21,DEBIT_CARD,573.93,,
DEBIT,10/18/2023,"Amazon Prime*TD3N773 Amzn.com/bill WA        10/18",-16.08,DEBIT_CARD,630.14,,
DEBIT,10/18/2023,"LIGHTHOUSE PSYCHIATRY 480-5656440 AZ         10/17",-25.00,DEBIT_CARD,646.22,,
DEBIT,10/18/2023,"GRAVITATE SMOKE SHOP 6 CHANDLER AZ           10/17",-9.76,DEBIT_CARD,671.22,,
DEBIT,10/17/2023,"PAYPAL           INST XFER  EXPRESSVPN      WEB ID: PAYPALSI77",-12.95,ACH_DEBIT,680.98,,
DEBIT,10/17/2023,"VZWRLSS*APOCC VISW 800-922-0204 FL           10/17",-75.72,DEBIT_CARD,693.93,,
DEBIT,10/17/2023,"SHELL OIL 57442011003 SUN LAKES AZ           10/16",-10.11,DEBIT_CARD,769.65,,
DEBIT,10/16/2023,"PAYPAL           INST XFER  GODADDY.COM     WEB ID: PAYPALSI77",-54.28,ACH_DEBIT,779.76,,
DEBIT,10/16/2023,"BASHAS' #043 SUN LAKES AZ            722409  10/15",-17.78,DEBIT_CARD,834.04,,
DEBIT,10/16/2023,"CIRCLE K 03377 3010 S CHANDLER AZ            10/14",-33.73,DEBIT_CARD,851.82,,
DEBIT,10/16/2023,"JOLIES PLACE CHANDLER AZ                     10/13",-64.86,DEBIT_CARD,885.55,,
DEBIT,10/16/2023,"RAISING CANES 0738 CHANDLER AZ               10/13",-19.06,DEBIT_CARD,950.41,,
DEBIT,10/16/2023,"JOLIES PLACE CHANDLER AZ                     10/13",-8.00,DEBIT_CARD,969.47,,
DEBIT,10/16/2023,"THE VAPE LAB 1 CHANDLER AZ                   10/13",-38.79,DEBIT_CARD,977.47,,
DEBIT,10/16/2023,"MCDONALD'S F18584 CHANDLER AZ                10/13",-11.88,DEBIT_CARD,1016.26,,
DEBIT,10/16/2023,"APPLE.COM/BILL 866-712-7753 CA               10/13",-3.22,DEBIT_CARD,1028.14,,
CREDIT,10/16/2023,"eBay ComBPE4SZTR PAYMENTS   NM1UMTTSUKJA86E CCD ID: 1618206000",16.36,ACH_CREDIT,1031.36,,
CREDIT,10/16/2023,"eBay Com5JIXLXYR PAYMENTS   UTCKYBTPAKRSQ6D CCD ID: 1618206000",39.06,ACH_CREDIT,1015.00,,
DEBIT,10/13/2023,"Rocket Money     Premium    ST-L8H4P1R8G2P7 CCD ID: 1800948598",-8.00,MISC_DEBIT,975.94,,
DEBIT,10/13/2023,"VITAL4MEN CHANDLER AZ                        10/11",-42.00,DEBIT_CARD,983.94,,
DEBIT,10/13/2023,"VITAL4MEN CHANDLER AZ                        10/11",-45.00,DEBIT_CARD,1025.94,,
CREDIT,10/13/2023,"Online Transfer from SAV ...8306 transaction#: 18718348657",400.00,ACCT_XFER,1070.94,,
DEBIT,10/12/2023,"Netflix 1 8445052993 CA                      10/12",-7.54,DEBIT_CARD,670.94,,
DEBIT,10/12/2023,"MINDBLOOM HTTPSWWW.MIND FL                   10/12",-386.00,DEBIT_CARD,678.48,,
DEBIT,10/12/2023,"Nintendo CD1069484577 800-2553700 WA         10/12",-4.30,DEBIT_CARD,1064.48,,
DEBIT,10/12/2023,"VAPE LAND CHANDLER AZ                        10/11",-24.90,DEBIT_CARD,1068.78,,
DEBIT,10/11/2023,"ADVS ED SERV PPD STUDNTLOAN                 PPD ID: 9102001101",-311.47,ACH_DEBIT,1093.68,,
DEBIT,10/11/2023,"LIGHTHOUSE PSYCHIATRY 480-5656440 AZ         10/10",-50.00,DEBIT_CARD,1405.15,,
DEBIT,10/10/2023,"AUTODS LTD       IAT PAYPAL 1029906402891   WEB ID: 770510487C",-52.63,ACH_DEBIT,1455.15,,
DEBIT,10/10/2023,"CVS/PHARMACY #03491 800-746-7287 AZ          10/09",-10.00,DEBIT_CARD,1507.78,,
DEBIT,10/10/2023,"Payment to Chase card ending in 9901 10/10",-1087.20,LOAN_PMT,1517.78,,
DEBIT,10/10/2023,"Microsoft G030625486 701-2817490 WA          10/09",-24.73,DEBIT_CARD,2604.98,,
DEBIT,10/10/2023,"BURGER KING #9732 SUN LAKES AZ               10/08",-10.48,DEBIT_CARD,2629.71,,
DEBIT,10/10/2023,"ORBITEL COMMUNICATION 520-568-8890 AZ        10/08",-49.95,DEBIT_CARD,2640.19,,
DEBIT,10/10/2023,"QT 1402 INSIDE PHOENIX AZ                    10/07",-2.99,DEBIT_CARD,2690.14,,
DEBIT,10/10/2023,"IC* INSTACART*SUBSCR HTTPSINSTACAR CA        10/08",-10.55,DEBIT_CARD,2693.13,,
DEBIT,10/10/2023,"THE VAPE LAB 1 CHANDLER AZ                   10/07",-38.79,DEBIT_CARD,2703.68,,
DEBIT,10/10/2023,"Autosave General Saving 11457134366",-830.00,ACCT_XFER,2742.47,,
DEBIT,10/10/2023,"GRUBHUBITSJUSTWINGS GRUBHUB.COM NY           10/06",-15.12,DEBIT_CARD,3572.47,,
DEBIT,10/06/2023,"CIRCLE K # 03388 SAN TAN VALLE AZ            10/05",-55.16,DEBIT_CARD,3587.59,,
DEBIT,10/06/2023,"APPLE.COM/BILL 866-712-7753 CA               10/06",-6.46,DEBIT_CARD,3642.75,,
DEBIT,10/06/2023,"U-HAUL STORAGE OF APA 800-789-3638 AZ        10/05",-61.33,DEBIT_CARD,3649.21,,
CREDIT,10/06/2023,"eBay ComWGHRJ8W2 PAYMENTS   KYRQLVSVU5QKY6K CCD ID: 1618206000",11.05,ACH_CREDIT,3710.54,,
CREDIT,10/06/2023,"ADP TOTALSOURCE  DIRECT DEP                 PPD ID: 9111111102",2897.79,ACH_CREDIT,3699.49,,
DEBIT,10/05/2023,"METAPAY*Jessica Pugh pay.fb.com CA           10/04",-30.00,DEBIT_CARD,801.70,,
DEBIT,10/04/2023,"PAYPAL           INST XFER  SPOTIFYUSAI     WEB ID: PAYPALSI77",-16.28,ACH_DEBIT,831.70,,
DEBIT,10/04/2023,"AMERICAN EXPRESS ACH PMT    M8794           WEB ID: 2005032111",-4.32,ACH_DEBIT,847.98,,
DEBIT,10/04/2023,"SYNCHRONY BANK   PAYMENT    504662204854782 WEB ID: 1061537262",-172.00,ACH_DEBIT,852.30,,
DEBIT,10/04/2023,"LIGHTHOUSE PSYCHIATRY 480-5656440 AZ         10/03",-25.00,DEBIT_CARD,1024.30,,
DEBIT,10/04/2023,"VITAL4MEN CHANDLER AZ                        10/02",-45.00,DEBIT_CARD,1049.30,,
CREDIT,10/04/2023,"Online Transfer from SAV ...8306 transaction#: 18627752858",250.00,ACCT_XFER,1094.30,,
DEBIT,10/03/2023,"AUTODS LTD       IAT PAYPAL 1029766531126   WEB ID: 770510487C",-53.80,ACH_DEBIT,844.30,,
DEBIT,10/03/2023,"CVS/PHARMACY #03491 800-746-7287 AZ          10/02",-12.02,DEBIT_CARD,898.10,,
DEBIT,10/03/2023,"LIGHTHOUSE PSYCHIATRY 480-5656440 AZ         10/02",-50.00,DEBIT_CARD,910.12,,
CREDIT,10/03/2023,"eBay Com3G3JKTXC PAYMENTS   AEMLXBSDWLY0D63 CCD ID: 1618206000",33.20,ACH_CREDIT,960.12,,
DEBIT,10/02/2023,"LOVE'S #0722 INSIDE MAYER AZ         129935  10/01",-20.83,DEBIT_CARD,926.92,,
DEBIT,10/02/2023,"APPLE.COM/BILL 866-712-7753 CA               10/02",-21.55,DEBIT_CARD,947.75,,
DEBIT,10/02/2023,"METAPAY*Jessica Pugh pay.fb.com CA           09/30",-72.50,DEBIT_CARD,969.30,,
DEBIT,10/02/2023,"SEDONA LIQUORS SEDONA AZ                     09/30",-43.46,DEBIT_CARD,1041.80,,
DEBIT,10/02/2023,"POCO DIABLO RESORT SEDONA AZ                 10/01",-402.47,DEBIT_CARD,1085.26,,
DEBIT,10/02/2023,"SEDONA FUDGE CO SEDONA AZ                    09/30",-13.63,DEBIT_CARD,1487.73,,
DEBIT,10/02/2023,"CIRCLE K 01389 6051 HW SEDONA AZ             09/30",-10.27,DEBIT_CARD,1501.36,,
DEBIT,10/02/2023,"SQ *FAMOUS PIZZA & BEER Sedona AZ            09/30",-9.24,DEBIT_CARD,1511.63,,
DEBIT,10/02/2023,"CALENDLY HTTPSCALENDLY GA                    09/30",-10.71,DEBIT_CARD,1520.87,,
DEBIT,10/02/2023,"BROMAX, L.L.C. GLENDALE AZ           865746  09/30",-47.93,DEBIT_CARD,1531.58,,
DEBIT,10/02/2023,"CHEVRON 0209456 GLENDALE AZ                  09/30",-15.98,DEBIT_CARD,1579.51,,
DEBIT,10/02/2023,"MCDONALD'S F18584 CHANDLER AZ                09/30",-22.65,DEBIT_CARD,1595.49,,
CREDIT,10/02/2023,"eBay ComUX6ZWAQK PAYMENTS   B6KZ1PYRZ6W0D66 CCD ID: 1618206000",17.93,ACH_CREDIT,1618.14,,
DEBIT,10/02/2023,"METAPAY*Danie Griffin pay.fb.com CA          10/01",380.00,DEBIT_CARD,1600.21,,
DEBIT,09/28/2023,"AUTODS LTD       IAT PAYPAL 1029666799833   WEB ID: 770510487C",-3.33,ACH_DEBIT,1220.21,,
DEBIT,09/28/2023,"MOHELA           QDR                        PPD ID: 3431261525",-152.21,ACH_DEBIT,1223.54,,
DEBIT,09/27/2023,"STT ENT.         IAT PAYPAL 1029653125734   WEB ID: 770510487C",-39.97,ACH_DEBIT,1375.75,,
DEBIT,09/27/2023,"AUTODS LTD       IAT PAYPAL 1029648961899   WEB ID: 770510487C",-52.63,ACH_DEBIT,1415.72,,
DEBIT,09/27/2023,"Payment to Chase card ending in 9901 09/27",-436.06,LOAN_PMT,1468.35,,
DEBIT,09/27/2023,"LIGHTHOUSE PSYCHIATRY 480-5656440 AZ         09/26",-25.00,DEBIT_CARD,1904.41,,
DEBIT,09/26/2023,"METAPAY*Jessica Pugh pay.fb.com CA           09/25",-100.00,DEBIT_CARD,1929.41,,
DEBIT,09/26/2023,"METAPAY*Jessica Pugh VISA DIRECT CA  159636  09/25",100.00,DEBIT_CARD,2029.41,,
DEBIT,09/25/2023,"WENDY'S 12524 MARICOPA AZ                    09/24",-14.74,DEBIT_CARD,1929.41,,
DEBIT,09/25/2023,"METAPAY*Danie Griffin pay.fb.com CA          09/24",-380.00,DEBIT_CARD,1944.15,,
DEBIT,09/25/2023,"APPLE.COM/BILL 866-712-7753 CA               09/24",-46.32,DEBIT_CARD,2324.15,,
DEBIT,09/25/2023,"BARROS PIZZA - E RIGGS CHANDLER AZ           09/24",-79.53,DEBIT_CARD,2370.47,,
DEBIT,09/25/2023,"GEICO  *AUTO 800-841-3000 DC                 09/23",-112.63,DEBIT_CARD,2450.00,,
DEBIT,09/25/2023,"Autosave General Saving 11451542347",-830.00,ACCT_XFER,2562.63,,
DEBIT,09/25/2023,"JOLIES PLACE CHANDLER AZ                     09/22",-87.72,DEBIT_CARD,3392.63,,
DEBIT,09/25/2023,"JOLIES PLACE CHANDLER AZ                     09/22",-9.75,DEBIT_CARD,3480.35,,
DEBIT,09/25/2023,"TACO BELL 037538 CHANDLER AZ                 09/22",-9.27,DEBIT_CARD,3490.10,,
DEBIT,09/25/2023,"THE VAPE LAB 1 CHANDLER AZ                   09/22",-35.96,DEBIT_CARD,3499.37,,
CREDIT,09/25/2023,"eBay ComAUXYUGRF PAYMENTS   JPTXOMSTU33SS6A CCD ID: 1618206000",19.91,ACH_CREDIT,3535.33,,
DEBIT,09/22/2023,"APPLE.COM/BILL 866-712-7753 CA               09/22",-29.07,DEBIT_CARD,3515.42,,
CREDIT,09/22/2023,"ADP TOTALSOURCE  DIRECT DEP                 PPD ID: 9111111102",2897.80,ACH_CREDIT,3544.49,,
DEBIT,09/21/2023,"CVS/PHARMACY #03491 800-746-7287 AZ          09/20",-30.00,DEBIT_CARD,646.69,,
DEBIT,09/21/2023,"SALAD AND GO #1126 CHANDLER AZ               09/20",-12.34,DEBIT_CARD,676.69,,
DEBIT,09/21/2023,"SHELL OIL 57442011003 SUN LAKES AZ           09/20",-3.89,DEBIT_CARD,689.03,,
DEBIT,09/21/2023,"VITAL4MEN CHANDLER AZ                        09/19",-45.00,DEBIT_CARD,692.92,,
DEBIT,09/21/2023,"READYREFRESH/WATERSER 800-274-5282 CA        09/21",-37.56,DEBIT_CARD,737.92,,
CREDIT,09/21/2023,"eBay ComHJP6S3QK PAYMENTS   FAE6XMCS5QL1562 CCD ID: 1618206000",17.86,ACH_CREDIT,775.48,,
DEBIT,09/20/2023,"N.G.C.A TECHNOLO IAT PAYPAL 1029511661594   WEB ID: 770510487C",-59.99,ACH_DEBIT,757.62,,
DEBIT,09/20/2023,"BASHAS' #043 SUN LAKES AZ            719465  09/20",-26.82,DEBIT_CARD,817.61,,
DEBIT,09/20/2023,"ZAFAR PSYCHIATRY LLC CHANDLER AZ             09/18",-412.88,DEBIT_CARD,844.43,,
CREDIT,09/20/2023,"eBay ComYR76KCEZ PAYMENTS   HB7QQHRSQCROL63 CCD ID: 1618206000",19.93,ACH_CREDIT,1257.31,,
CREDIT,09/20/2023,"Online Transfer from SAV ...8306 transaction#: 18497296968",200.00,ACCT_XFER,1237.38,,
DEBIT,09/19/2023,"PAY* SONORA QUEST LA HTTPSWWW.CEDA NY        09/19",-13.58,DEBIT_CARD,1037.38,,
DEBIT,09/19/2023,"LIGHTHOUSE PSYCHIATRY 480-5656440 AZ         09/18",-25.00,DEBIT_CARD,1050.96,,
DEBIT,09/19/2023,"U-HAUL STORAGE OF APA 800-789-3638 AZ        09/18",-56.21,DEBIT_CARD,1075.96,,
DEBIT,09/18/2023,"Amazon Prime*TX6HV4C Amzn.com/bill WA        09/18",-16.08,DEBIT_CARD,1132.17,,
DEBIT,09/18/2023,"PAYPAL           INST XFER  EXPRESSVPN      WEB ID: PAYPALSI77",-12.95,ACH_DEBIT,1148.25,,
DEBIT,09/18/2023,"PAYPAL           INST XFER  GODADDY.COM     WEB ID: PAYPALSI77",-37.72,ACH_DEBIT,1161.20,,
DEBIT,09/18/2023,"PAYPAL           INST XFER  GODADDY.COM     WEB ID: PAYPALSI77",-64.06,ACH_DEBIT,1198.92,,
DEBIT,09/18/2023,"ATM WITHDRAWAL                       006804  09/179538 E RI",-660.00,ATM,1262.98,,
DEBIT,09/18/2023,"VZWRLSS*APOCC VISW 800-922-0204 FL           09/17",-75.55,DEBIT_CARD,1922.98,,
DEBIT,09/18/2023,"SP ANKERMAKE US HTTPSUS.ANKER WA             09/16",-58.44,DEBIT_CARD,1998.53,,
DEBIT,09/18/2023,"JOLIES PLACE CHANDLER AZ                     09/15",-93.18,DEBIT_CARD,2056.97,,
DEBIT,09/18/2023,"APPLE.COM/BILL 866-712-7753 CA               09/16",-31.23,DEBIT_CARD,2150.15,,
CREDIT,09/18/2023,"Online Transfer from SAV ...8306 transaction#: 18471044955",325.00,ACCT_XFER,2181.38,,
CREDIT,09/18/2023,"Online Transfer from SAV ...8306 transaction#: 18483629883",412.00,ACCT_XFER,1856.38,,
DEBIT,09/15/2023,"AUTODS LTD       IAT PAYPAL 1029422822469   WEB ID: 770510487C",-105.26,ACH_DEBIT,1444.38,,
DEBIT,09/15/2023,"BWW CHANDLER 247 678-514-4100 AZ             09/14",-73.56,DEBIT_CARD,1549.64,,
DEBIT,09/14/2023,"Nintendo CA1054246284 800-2553700 WA         09/14",-32.33,DEBIT_CARD,1623.20,,
DEBIT,09/14/2023,"APPLE.COM/BILL 866-712-7753 CA               09/13",-3.22,DEBIT_CARD,1655.53,,
DEBIT,09/13/2023,"IC* INSTACART 888-2467822 CA                 09/13",-91.22,DEBIT_CARD,1658.75,,
DEBIT,09/13/2023,"Rocket Money     Premium    ST-B4Y7K2S1J4J1 CCD ID: 1800948598",-8.00,MISC_DEBIT,1749.97,,
DEBIT,09/13/2023,"Payment to Chase card ending in 9901 09/13",-495.66,LOAN_PMT,1757.97,,
CREDIT,09/13/2023,"eBay ComZVBBYYS9 PAYMENTS   7DWCNLCTPASQA6K CCD ID: 1618206000",9.51,ACH_CREDIT,2253.63,,
DEBIT,09/12/2023,"NETFLIX.COM NETFLIX.COM CA                   09/12",-7.54,DEBIT_CARD,2244.12,,
DEBIT,09/12/2023,"MINDBLOOM HTTPSWWW.MIND FL                   09/12",-386.00,DEBIT_CARD,2251.66,,
DEBIT,09/12/2023,"Nintendo CD1053134110 800-2553700 WA         09/12",-4.30,DEBIT_CARD,2637.66,,
DEBIT,09/11/2023,"AMERICAN EXPRESS ACH PMT    A2446           WEB ID: 9493560001",-2.16,ACH_DEBIT,2641.96,,
DEBIT,09/11/2023,"SHELL SERVICE STATION SUN LAKES AZ   883536  09/09",-53.19,DEBIT_CARD,2644.12,,
DEBIT,09/11/2023,"SHELL OIL 57442011003 SUN LAKES AZ           09/09",-34.04,DEBIT_CARD,2697.31,,
DEBIT,09/11/2023,"Autosave General Saving 11446336052",-830.00,ACCT_XFER,2731.35,,
DEBIT,09/11/2023,"Microsoft G028436014 701-2817490 WA          09/09",-54.15,DEBIT_CARD,3561.35,,
DEBIT,09/08/2023,"UNITY TECHNOLOGI IAT PAYPAL 1029291662487   WEB ID: 770510487C",-8.14,ACH_DEBIT,3615.50,,
DEBIT,09/08/2023,"IC* INSTACART 888-2467822 CA                 09/07",-78.66,DEBIT_CARD,3623.64,,
CREDIT,09/08/2023,"ADP TOTALSOURCE  DIRECT DEP                 PPD ID: 9111111102",2897.78,ACH_CREDIT,3702.30,,
DEBIT,09/07/2023,"Instacart San Francisco CA           782962  09/07",-3.00,DEBIT_CARD,804.52,,
DEBIT,09/07/2023,"IC* INSTACART*SUBSCR HTTPSINSTACAR CA        09/07",-10.55,DEBIT_CARD,807.52,,
DEBIT,09/06/2023,"ORBITEL COMMUNICATION 520-568-8890 AZ        09/05",-49.95,DEBIT_CARD,818.07,,
DEBIT,09/06/2023,"APPLE.COM/BILL 866-712-7753 CA               09/06",-6.46,DEBIT_CARD,868.02,,
DEBIT,09/06/2023,"U-HAUL STORAGE OF APA 800-789-3638 AZ        09/05",-61.33,DEBIT_CARD,874.48,,
DEBIT,09/06/2023,"METAPAY*Jessica Pugh VISA DIRECT CA  640521  09/06",140.00,DEBIT_CARD,935.81,,
DEBIT,09/05/2023,"Instacart San Francisco CA           772541  09/05",-1.86,DEBIT_CARD,795.81,,
DEBIT,09/05/2023,"Instacart San Francisco CA           772917  09/05",-45.00,DEBIT_CARD,797.67,,
DEBIT,09/05/2023,"Instacart San Francisco CA           802465  09/05",-49.82,DEBIT_CARD,842.67,,
DEBIT,09/05/2023,"AUTODS LTD       IAT PAYPAL 1029174010768   WEB ID: 770510487C",-33.80,ACH_DEBIT,892.49,,
DEBIT,09/05/2023,"SYNCHRONY BANK   PAYMENT    504662204854782 WEB ID: 1061537262",-178.00,ACH_DEBIT,926.29,,
DEBIT,09/05/2023,"PAYPAL           INST XFER  SPOTIFYUSAI     WEB ID: PAYPALSI77",-16.28,ACH_DEBIT,1104.29,,
DEBIT,09/05/2023,"FRYS FOOD 985 E RIGGS CHANDLER AZ            09/03",-283.75,DEBIT_CARD,1120.57,,
DEBIT,09/05/2023,"PIZZA HUT 35865 https://ipcha AZ             09/03",-59.70,DEBIT_CARD,1404.32,,
DEBIT,09/05/2023,"MCDONALD'S F24901 SUN LAKES AZ               09/02",-21.87,DEBIT_CARD,1464.02,,
DEBIT,09/05/2023,"CVS/PHARMACY #03 03491 Sun Lakes AZ  400937  09/02",-68.00,DEBIT_CARD,1485.89,,
DEBIT,09/05/2023,"MCDONALD'S F18584 CHANDLER AZ                09/01",-15.76,DEBIT_CARD,1553.89,,
DEBIT,09/05/2023,"JOLIES PLACE CHANDLER AZ                     09/01",-7.00,DEBIT_CARD,1569.65,,
DEBIT,09/05/2023,"JOLIES PLACE CHANDLER AZ                     09/01",-89.00,DEBIT_CARD,1576.65,,
DEBIT,09/05/2023,"CHEVRON 0376273 CHANDLER AZ                  09/01",-2.04,DEBIT_CARD,1665.65,,
CREDIT,09/05/2023,"eBay ComS24MG6NT PAYMENTS   IFNTUF1REOUEJ6B CCD ID: 1618206000",18.07,ACH_CREDIT,1667.69,,
DEBIT,09/01/2023,"CALENDLY HTTPSCALENDLY GA                    08/31",-10.71,DEBIT_CARD,1649.62,,
DEBIT,08/31/2023,"METAPAY*Jessica Pugh pay.fb.com CA           08/30",-16.00,DEBIT_CARD,1660.33,,
DEBIT,08/31/2023,"LIGHTHOUSE PSYCHIATRY 480-5656440 AZ         08/30",-50.00,DEBIT_CARD,1676.33,,
DEBIT,08/31/2023,"APPLE.COM/BILL 866-712-7753 CA               08/30",-21.55,DEBIT_CARD,1726.33,,
DEBIT,08/30/2023,"QT 1402 INSIDE PHOENIX AZ                    08/28",-3.79,DEBIT_CARD,1747.88,,
DEBIT,08/30/2023,"VITAL4MEN CHANDLER AZ                        08/28",-45.00,DEBIT_CARD,1751.67,,
DEBIT,08/29/2023,"LH Trading Atlanta GA                        08/29",-64.82,DEBIT_CARD,1796.67,,
DEBIT,08/29/2023,"CVS/PHARMACY #00 00193 Chandler AZ   507405  08/28",-24.78,DEBIT_CARD,1861.49,,
DEBIT,08/29/2023,"CENTRAL VAPORS 469-8287307 TX                08/28",-40.97,DEBIT_CARD,1886.27,,
DEBIT,08/28/2023,"APPLE.COM/BILL 866-712-7753 CA               08/28",-16.16,DEBIT_CARD,1927.24,,
DEBIT,08/28/2023,"PAYPAL           INST XFER  TAKE STASIS     WEB ID: PAYPALSI77",-79.00,ACH_DEBIT,1943.40,,
DEBIT,08/28/2023,"MCDONALD'S F24901 SUN LAKES AZ               08/26",-34.40,DEBIT_CARD,2022.40,,
DEBIT,08/28/2023,"Instacart San Francisco CA           782911  08/26",-40.95,DEBIT_CARD,2056.80,,
DEBIT,08/28/2023,"CLOUD SLINGERS CHANDLER AZ                   08/26",-70.67,DEBIT_CARD,2097.75,,
DEBIT,08/28/2023,"TST* Mango Crazy - Chan Chandler AZ          08/26",-42.93,DEBIT_CARD,2168.42,,
DEBIT,08/28/2023,"Autosave General Saving 11440961158",-830.00,ACCT_XFER,2211.35,,
DEBIT,08/28/2023,"MOHELA           QDR                        PPD ID: 3431261525",-152.21,ACH_DEBIT,3041.35,,
DEBIT,08/28/2023,"CIRCLE K # 05301 CHANDLER AZ                 08/25",-17.82,DEBIT_CARD,3193.56,,
CREDIT,08/28/2023,"eBay ComTIBEQV8O PAYMENTS   MZF5IIREWJPPJ6E CCD ID: 1618206000",15.52,ACH_CREDIT,3211.38,,
DEBIT,08/25/2023,"Payment to Chase card ending in 9901 08/25",-133.93,LOAN_PMT,3195.86,,
DEBIT,08/25/2023,"Online Transfer to SAV ...8306 transaction#: 18262317016 08/25",-500.00,ACCT_XFER,3329.79,,
DEBIT,08/25/2023,"VITAL4MEN CHANDLER AZ                        08/23",-45.00,DEBIT_CARD,3829.79,,
DEBIT,08/25/2023,"SUPER STAR CAR WASH A 623-536-5956 AZ        08/23",-29.95,DEBIT_CARD,3874.79,,
CREDIT,08/25/2023,"ADP TOTALSOURCE  DIRECT DEP                 PPD ID: 9111111102",2897.80,ACH_CREDIT,3904.74,,
DEBIT,08/24/2023,"APPLE.COM/BILL 866-712-7753 CA               08/23",-23.69,DEBIT_CARD,1006.94,,
DEBIT,08/23/2023,"GEICO  *AUTO 800-841-3000 DC                 08/23",-112.62,DEBIT_CARD,1030.63,,
DEBIT,08/23/2023,"TST* WHICH WICH 362 SAN GILBERT AZ           08/23",-38.31,DEBIT_CARD,1143.25,,
CREDIT,08/23/2023,"Online Transfer from SAV ...8306 transaction#: 18240354452",1000.00,ACCT_XFER,1181.56,,
DEBIT,08/22/2023,"CIRCLE K # 05301 CHANDLER AZ                 08/21",-48.72,DEBIT_CARD,181.56,,
DEBIT,08/22/2023,"VISIONWORKS INC - 387 CHANDLER AZ            08/21",-16.00,DEBIT_CARD,230.28,,
DEBIT,08/22/2023,"VISIONWORKS INC - 80387 CHANDLER AZ          08/21",-91.50,DEBIT_CARD,246.28,,
DEBIT,08/21/2023,"NON-CHASE ATM FEE-WITH",-3.00,FEE_TRANSACTION,337.78,,
DEBIT,08/21/2023,"PAYPAL           INST XFER  TWILIO          WEB ID: PAYPALSI77",-10.38,ACH_DEBIT,340.78,,
DEBIT,08/21/2023,"Instacart San Francisco CA           792329  08/21",-3.64,DEBIT_CARD,351.16,,
DEBIT,08/21/2023,"IC* INSTACART 888-2467822 CA                 08/21",-160.87,DEBIT_CARD,354.80,,
DEBIT,08/21/2023,"AUTUDOS LTD      IAT PAYPAL 1028899726354   WEB ID: 770510487C",-0.99,ACH_DEBIT,515.67,,
DEBIT,08/21/2023,"N.G.C.A TECHNOLO IAT PAYPAL 1028899801732   WEB ID: 770510487C",-15.00,ACH_DEBIT,516.66,,
DEBIT,08/21/2023,"N.G.C.A TECHNOLO IAT PAYPAL 1028914306014   WEB ID: 770510487C",-44.99,ACH_DEBIT,531.66,,
DEBIT,08/21/2023,"AUTODS LTD       IAT PAYPAL 1028916226562   WEB ID: 770510487C",-52.63,ACH_DEBIT,576.65,,
DEBIT,08/21/2023,"TIL*TP BLACK ROCK BR23 CHANDLER AZ           08/20",-12.22,DEBIT_CARD,629.28,,
DEBIT,08/21/2023,"WHP-RIZZO'S PIZZA CHANDLER AZ                08/20",-14.00,DEBIT_CARD,641.50,,
DEBIT,08/21/2023,"WHP-RIVER BAR CHANDLER AZ                    08/20",-18.00,DEBIT_CARD,655.50,,
DEBIT,08/21/2023,"NON-CHASE ATM WITHDRAW               717580  08/195040 WEST",-103.00,ATM,673.50,,
DEBIT,08/21/2023,"SHIPT* MONTHLY MEMBE WWW.SHIPT.COM AL        08/19",-10.99,DEBIT_CARD,776.50,,
DEBIT,08/21/2023,"GRUBHUBBLACKBEARDINER GRUBHUB.COM NY         08/20",-27.03,DEBIT_CARD,787.49,,
DEBIT,08/21/2023,"THE VAPE LAB 1 CHANDLER AZ                   08/18",-19.39,DEBIT_CARD,814.52,,
DEBIT,08/21/2023,"U-HAUL STORAGE OF APA 800-789-3638 AZ        08/18",-56.21,DEBIT_CARD,833.91,,
DEBIT,08/21/2023,"EASYCODE BURNABY BC                          08/19",6.10,DEBIT_CARD,890.12,,
DEBIT,08/18/2023,"DJs Smoke Shop 2 Chandler AZ         091828  08/18",-2.15,DEBIT_CARD,884.02,,
DEBIT,08/18/2023,"Amazon Prime*TO93X69 Amzn.com/bill WA        08/18",-16.08,DEBIT_CARD,886.17,,
DEBIT,08/18/2023,"LABORATORY CORPORATIO 800-222-7566 NC        08/17",-14.01,DEBIT_CARD,902.25,,
DEBIT,08/17/2023,"PAYPAL           INST XFER  EXPRESSVPN      WEB ID: PAYPALSI77",-12.95,ACH_DEBIT,916.26,,
DEBIT,08/17/2023,"VZWRLSS*APOCC VISW 800-922-0204 FL           08/17",-75.47,DEBIT_CARD,929.21,,
DEBIT,08/16/2023,"EASYCODE BURNABY BC                          08/15",-7.00,DEBIT_CARD,1004.68,,
DEBIT,08/15/2023,"SAFEWAY #1566 CHANDLER AZ            218134  08/14",-239.90,DEBIT_CARD,1011.68,,
DEBIT,08/14/2023,"STT ENT.         IAT PAYPAL 1028789786581   WEB ID: 770510487C",-39.97,ACH_DEBIT,1251.58,,
DEBIT,08/14/2023,"N.G.C.A TECHNOLO IAT PAYPAL 1028760422328   WEB ID: 770510487C",-1.00,ACH_DEBIT,1291.55,,
DEBIT,08/14/2023,"AUTODS LTD       IAT PAYPAL 1028758748103   WEB ID: 770510487C",-4.49,ACH_DEBIT,1292.55,,
DEBIT,08/14/2023,"Rocket Money     Premium    ST-A6V9S9S8U7D1 CCD ID: 1800948598",-8.00,MISC_DEBIT,1297.04,,
DEBIT,08/14/2023,"SAFEWAY #1566 CHANDLER AZ                    08/13",-65.57,DEBIT_CARD,1305.04,,
DEBIT,08/14/2023,"APPLE.COM/BILL 866-712-7753 CA               08/14",-3.22,DEBIT_CARD,1370.61,,
DEBIT,08/14/2023,"TST* Fiesta Mexicana - chandler AZ           08/13",-117.01,DEBIT_CARD,1373.83,,
DEBIT,08/14/2023,"Nintendo CD1035897712 800-2553700 WA         08/13",-4.30,DEBIT_CARD,1490.84,,
DEBIT,08/14/2023,"MINDBLOOM HTTPSWWW.MIND FL                   08/13",-386.00,DEBIT_CARD,1495.14,,
DEBIT,08/14/2023,"Payment to Chase card ending in 9901 08/14",-1167.93,LOAN_PMT,1881.14,,
DEBIT,08/14/2023,"Microsoft G027353036 701-2817490 WA          08/12",-9.36,DEBIT_CARD,3049.07,,
DEBIT,08/14/2023,"NETFLIX.COM NETFLIX.COM CA                   08/12",-7.54,DEBIT_CARD,3058.43,,
DEBIT,08/14/2023,"Autosave General Saving 11435802984",-830.00,ACCT_XFER,3065.97,,
DEBIT,08/14/2023,"HARKINS CHANDLER FASHON CHANDLER AZ          08/11",-7.75,DEBIT_CARD,3895.97,,
DEBIT,08/14/2023,"HARKINS CHANDLER FASHON CHANDLER AZ          08/11",-19.50,DEBIT_CARD,3903.72,,
DEBIT,08/14/2023,"HARKINS CHANDLER FASHON CHANDLER AZ          08/11",-9.00,DEBIT_CARD,3923.22,,
DEBIT,08/14/2023,"Amazon seller repay AMZN.COM/BILL WA         08/12",-43.11,DEBIT_CARD,3932.22,,
DEBIT,08/14/2023,"TREND VAPE PHOENIX AZ                        08/11",-35.82,DEBIT_CARD,3975.33,,
DEBIT,08/14/2023,"BURGER KING #11462 Q07 GILBERT AZ            08/10",-9.45,DEBIT_CARD,4011.15,,
DEBIT,08/11/2023,"LIGHTHOUSE PSYCHIATRY 480-5656440 AZ         08/10",-25.00,DEBIT_CARD,4020.60,,
DEBIT,08/11/2023,"VITAL4MEN CHANDLER AZ                        08/09",-69.00,DEBIT_CARD,4045.60,,
DEBIT,08/11/2023,"VITAL4MEN CHANDLER AZ                        08/09",-45.00,DEBIT_CARD,4114.60,,
CREDIT,08/11/2023,"ADP TOTALSOURCE  DIRECT DEP                 PPD ID: 9111111102",2897.79,ACH_CREDIT,4159.60,,
DEBIT,08/10/2023,"AKCHIN PAVILION AMPHI PHOENIX AZ             08/09",-13.03,DEBIT_CARD,1261.81,,
DEBIT,08/10/2023,"AKCHIN PAVILION AMPHI PHOENIX AZ             08/09",-11.24,DEBIT_CARD,1274.84,,
DEBIT,08/10/2023,"QT 449 PHOENIX AZ                            08/09",-1.59,DEBIT_CARD,1286.08,,
DEBIT,08/09/2023,"WALGREENS STORE 1975 S CHANDLER AZ   549991  08/09",-17.23,DEBIT_CARD,1287.67,,
DEBIT,08/09/2023,"AMERICAN EXPRESS ACH PMT    A4418           WEB ID: 9493560001",-2.16,ACH_DEBIT,1304.90,,
DEBIT,08/09/2023,"aliexpress 408-7855580 CA                    08/08",-4.17,DEBIT_CARD,1307.06,,
DEBIT,08/09/2023,"EAST VALLEY DERMATOLOG CHANDLER AZ           08/07",-50.00,DEBIT_CARD,1311.23,,
DEBIT,08/08/2023,"AUTODS LTD       IAT PAYPAL 1028686949868   WEB ID: 770510487C",-0.99,ACH_DEBIT,1361.23,,
DEBIT,08/08/2023,"AUTODS LTD       IAT PAYPAL 1028686956753   WEB ID: 770510487C",-10.36,ACH_DEBIT,1362.22,,
DEBIT,08/08/2023,"aliexpress 114-087855580 CA                  08/08",-7.91,DEBIT_CARD,1372.58,,
DEBIT,08/08/2023,"aliexpress 408-7855580 CA                    08/08",-10.15,DEBIT_CARD,1380.49,,
DEBIT,08/08/2023,"aliexpress 114-087855580 CA                  08/08",-7.90,DEBIT_CARD,1390.64,,
DEBIT,08/08/2023,"XI TEA LLC PHOENIX AZ                        08/07",-38.90,DEBIT_CARD,1398.54,,
DEBIT,08/08/2023,"SQ *RED STAR VAPOR-KYRE Chandler AZ          08/07",-44.62,DEBIT_CARD,1437.44,,
DEBIT,08/08/2023,"aliexpress 408-7855580 CA                    08/08",-1.81,DEBIT_CARD,1482.06,,
DEBIT,08/08/2023,"ORBITEL COMMUNICATION 520-568-8890 AZ        08/07",-49.95,DEBIT_CARD,1483.87,,
DEBIT,08/07/2023,"AUTUDOS LTD      IAT PAYPAL 1028667484140   WEB ID: 770510487C",-0.99,ACH_DEBIT,1533.82,,
DEBIT,08/07/2023,"TACO BELL 037559 CHANDLER AZ                 08/06",-11.97,DEBIT_CARD,1534.81,,
DEBIT,08/07/2023,"THE VAPE LAB CHANDLER AZ                     08/06",-55.36,DEBIT_CARD,1546.78,,
DEBIT,08/07/2023,"WALGREENS STORE 10324 SUN LAKES AZ   859298  08/06",-75.65,DEBIT_CARD,1602.14,,
DEBIT,08/07/2023,"MCDONALD'S F18584 CHANDLER AZ                08/05",-4.93,DEBIT_CARD,1677.79,,
DEBIT,08/07/2023,"IC* INSTACART*SUBSCR HTTPSINSTACAR CA        08/06",-10.55,DEBIT_CARD,1682.72,,
DEBIT,08/07/2023,"ELEMENTS CHANDLER SOUTH CHANDLER AZ          08/05",-20.00,DEBIT_CARD,1693.27,,
DEBIT,08/07/2023,"APPLE.COM/BILL 866-712-7753 CA               08/06",-5.38,DEBIT_CARD,1713.27,,
DEBIT,08/07/2023,"U-HAUL STORAGE OF APA 800-789-3638 AZ        08/05",-61.33,DEBIT_CARD,1718.65,,
DEBIT,08/07/2023,"JACK IN THE BOX 1518 CHANDLER AZ             08/05",-16.84,DEBIT_CARD,1779.98,,
DEBIT,08/07/2023,"JOLIES PLACE CHANDLER AZ                     08/04",-73.32,DEBIT_CARD,1796.82,,
DEBIT,08/04/2023,"PAYPAL           INST XFER  SPOTIFYUSAI     WEB ID: PAYPALSI77",-14.11,ACH_DEBIT,1870.14,,
DEBIT,08/04/2023,"SYNCHRONY BANK   PAYMENT    504662204854782 WEB ID: 1061537262",-185.00,ACH_DEBIT,1884.25,,
DEBIT,08/04/2023,"MCDONALD'S F24901 SUN LAKES AZ               08/03",-20.81,DEBIT_CARD,2069.25,,
DEBIT,08/04/2023,"CVS/PHARMACY #03491 800-746-7287 AZ          08/03",-40.00,DEBIT_CARD,2090.06,,
DEBIT,08/03/2023,"eBay C 08-10353-60740 San Jose CA            08/03",-0.30,DEBIT_CARD,2130.06,,
DEBIT,08/03/2023,"LIGHTHOUSE PSYCHIATRY 480-5656440 AZ         08/02",-25.00,DEBIT_CARD,2130.36,,
DEBIT,08/03/2023,"TACO BELL 037546 GILBERT AZ                  08/02",-5.70,DEBIT_CARD,2155.36,,
DEBIT,08/03/2023,"THE VAPE LAB CHANDLER AZ                     08/02",-38.79,DEBIT_CARD,2161.06,,
DEBIT,08/02/2023,"APPLE.COM/BILL 866-712-7753 CA               08/01",-21.55,DEBIT_CARD,2199.85,,
DEBIT,08/01/2023,"CALENDLY HTTPSCALENDLY GA                    07/31",-10.71,DEBIT_CARD,2221.40,,
DEBIT,07/31/2023,"PAYPAL           INST XFER  TAKE STASIS     WEB ID: PAYPALSI77",-79.00,ACH_DEBIT,2232.11,,
DEBIT,07/31/2023,"CKE*IKES LOVE AND SAND QUEEN CREEK CA        07/30",-5.70,DEBIT_CARD,2311.11,,
DEBIT,07/31/2023,"CKE*IKES LOVE AND SAND QUEEN CREEK CA        07/30",-31.49,DEBIT_CARD,2316.81,,
DEBIT,07/31/2023,"WALGREENS STORE 3005 E CHANDLER AZ   960414  07/30",-25.09,DEBIT_CARD,2348.30,,
DEBIT,07/31/2023,"OPENAI OPENAI.COM CA                         07/30",-16.17,DEBIT_CARD,2373.39,,
DEBIT,07/31/2023,"MAJESTIC CHANDLER 9 ALO CHANDLER AZ          07/30",-78.78,DEBIT_CARD,2389.56,,
DEBIT,07/31/2023,"MAJESTIC CHANDLER 9 B&M CHANDLER AZ          07/29",-25.34,DEBIT_CARD,2468.34,,
DEBIT,07/31/2023,"Autosave General Saving 11430246872",-830.00,ACCT_XFER,2493.68,,
DEBIT,07/31/2023,"JOLIES PLACE CHANDLER AZ                     07/28",-47.39,DEBIT_CARD,3323.68,,
DEBIT,07/31/2023,"APPLE.COM/BILL 866-712-7753 CA               07/28",-16.16,DEBIT_CARD,3371.07,,
DEBIT,07/28/2023,"MOHELA           QDR                        PPD ID: 3431261525",-152.21,ACH_DEBIT,3387.23,,
DEBIT,07/28/2023,"JACK IN THE BOX 1144 CHANDLER AZ             07/27",-28.39,DEBIT_CARD,3539.44,,
CREDIT,07/28/2023,"ADP TOTALSOURCE  DIRECT DEP                 PPD ID: 9111111102",2897.79,ACH_CREDIT,3567.83,,
DEBIT,07/27/2023,"VITAL4MEN CHANDLER AZ                        07/25",-45.00,DEBIT_CARD,670.04,,
DEBIT,07/26/2023,"JACK IN THE BOX 1144 CHANDLER AZ             07/25",-17.70,DEBIT_CARD,715.04,,
DEBIT,07/26/2023,"CVS/PHARMACY #03491 800-746-7287 AZ          07/25",-23.88,DEBIT_CARD,732.74,,
DEBIT,07/25/2023,"ACE PARKING 3493 PHOENIX AZ                  07/24",-5.00,DEBIT_CARD,756.62,,
DEBIT,07/25/2023,"TCKTWEB*DIVABLEACHSIG 800-965-4827 CA        07/25",-36.90,DEBIT_CARD,761.62,,
DEBIT,07/25/2023,"TST* Crescent Ballroom Phoenix AZ            07/24",-26.40,DEBIT_CARD,798.52,,
DEBIT,07/25/2023,"SUPER STAR CAR WASH AZR CHANDLER AZ          07/23",-29.95,DEBIT_CARD,824.92,,
DEBIT,07/24/2023,"CVS/PHARMACY #05891 800-746-7287 AZ          07/23",-10.00,DEBIT_CARD,854.87,,
DEBIT,07/24/2023,"TST* WOW WOW HAWAIIAN L PHOENIX AZ           07/24",-19.55,DEBIT_CARD,864.87,,
DEBIT,07/24/2023,"RAPIDAPI HTTPSRAPIDAPI CA                    07/23",-25.00,DEBIT_CARD,884.42,,
DEBIT,07/24/2023,"GEICO  *AUTO 800-841-3000 DC                 07/23",-112.62,DEBIT_CARD,909.42,,
DEBIT,07/24/2023,"APPLE.COM/BILL 866-712-7753 CA               07/24",-44.18,DEBIT_CARD,1022.04,,
DEBIT,07/24/2023,"TST* Floridinos Chandler AZ                  07/22",-50.95,DEBIT_CARD,1066.22,,
DEBIT,07/24/2023,"RAPIDAPI HTTPSRAPIDAPI CA                    07/22",-25.00,DEBIT_CARD,1117.17,,
DEBIT,07/24/2023,"RAPIDAPI HTTPSRAPIDAPI CA                    07/22",-20.00,DEBIT_CARD,1142.17,,
DEBIT,07/24/2023,"SP TRY AURI HTTPSWWW.TRYA WY                 07/22",-46.94,DEBIT_CARD,1162.17,,
DEBIT,07/24/2023,"CIRCLE K 09152 PHOENIX AZ                    07/22",-45.58,DEBIT_CARD,1209.11,,
DEBIT,07/24/2023,"CIRCLE K 09152 5105 E PHOENIX AZ             07/21",-3.99,DEBIT_CARD,1254.69,,
DEBIT,07/24/2023,"JOLIES PLACE CHANDLER AZ                     07/21",-40.85,DEBIT_CARD,1258.68,,
DEBIT,07/24/2023,"METAPAY*Jessica Pugh VISA DIRECT CA  550288  07/23",172.00,DEBIT_CARD,1299.53,,
DEBIT,07/21/2023,"WALGREENS STORE 785 S GILBERT AZ     900399  07/21",-20.21,DEBIT_CARD,1127.53,,
DEBIT,07/21/2023,"THE VAPE LAB CHANDLER AZ                     07/20",-73.26,DEBIT_CARD,1147.74,,
DEBIT,07/21/2023,"GRUBHUBMOONCHINABISTR GRUBHUB.COM NY         07/21",-53.48,DEBIT_CARD,1221.00,,
DEBIT,07/20/2023,"SHIPT* MONTHLY MEMBE WWW.SHIPT.COM AL        07/19",-10.99,DEBIT_CARD,1274.48,,
DEBIT,07/20/2023,"JOLIES PLACE CHANDLER AZ                     07/18",-43.83,DEBIT_CARD,1285.47,,
DEBIT,07/19/2023,"Payment to Chase card ending in 9901 07/19",-667.12,LOAN_PMT,1329.30,,
DEBIT,07/19/2023,"U-HAUL STORAGE OF APA 800-789-3638 AZ        07/18",-56.21,DEBIT_CARD,1996.42,,
DEBIT,07/18/2023,"DJs Smoke Shop 2 Chandler AZ         800045  07/18",-24.02,DEBIT_CARD,2052.63,,
DEBIT,07/18/2023,"IC* INSTACART HTTPSINSTACAR CA               07/18",-23.89,DEBIT_CARD,2076.65,,
DEBIT,07/18/2023,"IC* FRYS DEL VIA INS HTTPSDELIVERY CA        07/18",-220.00,DEBIT_CARD,2100.54,,
DEBIT,07/18/2023,"Amazon Prime*BE2C875 Amzn.com/bill WA        07/18",-16.08,DEBIT_CARD,2320.54,,
CREDIT,07/18/2023,"Reversal: MCAFEE *WWW.MCAFEE.CO 866-622-3911 TX        07/17  ClaimId: 224868341060001",129.35,ATM,2336.62,,
DEBIT,07/17/2023,"TICKETSTHE OFFSPRING 844-223-5661 DE         07/17",-101.90,DEBIT_CARD,2207.27,,
DEBIT,07/17/2023,"MCAFEE *WWW.MCAFEE.CO 866-622-3911 TX        07/17",-129.35,DEBIT_CARD,2309.17,,
DEBIT,07/17/2023,"PAYPAL           INST XFER  EXPRESSVPN      WEB ID: PAYPALSI77",-12.95,ACH_DEBIT,2438.52,,
DEBIT,07/17/2023,"VZWRLSS*APOCC VISW 800-922-0204 FL           07/17",-75.47,DEBIT_CARD,2451.47,,
DEBIT,07/17/2023,"METAPAY*Jessica Pugh pay.fb.com CA           07/16",-15.00,DEBIT_CARD,2526.94,,
DEBIT,07/17/2023,"WALGREENS STORE 1975 S CHANDLER AZ   710049  07/15",-25.01,DEBIT_CARD,2541.94,,
DEBIT,07/17/2023,"EASYCODE BURNABY BC                          07/15",-7.00,DEBIT_CARD,2566.95,,
DEBIT,07/17/2023,"TACO BELL 037573 CHANDLER AZ                 07/15",-16.17,DEBIT_CARD,2573.95,,
DEBIT,07/17/2023,"GRAVITATE SMOKE SHOP 6 CHANDLER AZ           07/15",-32.57,DEBIT_CARD,2590.12,,
DEBIT,07/17/2023,"Autosave General Saving 11425290985",-830.00,ACCT_XFER,2622.69,,
DEBIT,07/17/2023,"VITAL4MEN CHANDLER AZ                        07/13",-87.00,DEBIT_CARD,3452.69,,
DEBIT,07/17/2023,"CIRCLE K # 05301 CHANDLER AZ                 07/13",-10.15,DEBIT_CARD,3539.69,,
DEBIT,07/14/2023,"Nintendo CD1018796691 800-2553700 WA         07/14",-4.30,DEBIT_CARD,3549.84,,
DEBIT,07/14/2023,"APPLE.COM/BILL 866-712-7753 CA               07/13",-3.22,DEBIT_CARD,3554.14,,
CREDIT,07/14/2023,"ADP TOTALSOURCE  DIRECT DEP                 PPD ID: 9111111102",2897.79,ACH_CREDIT,3557.36,,
DEBIT,07/13/2023,"Rocket Money     Premium    ST-D4W7Z0F6G1K7 CCD ID: 1800948598",-8.00,MISC_DEBIT,659.57,,
DEBIT,07/13/2023,"JOLIES PLACE CHANDLER AZ                     07/11",-70.52,DEBIT_CARD,667.57,,
DEBIT,07/12/2023,"Netflix 1 8445052993 CA                      07/12",-7.54,DEBIT_CARD,738.09,,
DEBIT,07/12/2023,"SP ANKERMAKE US HTTPSUS.ANKER WA             07/11",-26.61,DEBIT_CARD,745.63,,
DEBIT,07/11/2023,"APPLE.COM/BILL 866-712-7753 CA               07/10",-5.38,DEBIT_CARD,772.24,,
DEBIT,07/10/2023,"Instacart San Francisco CA           772405  07/10",-202.31,DEBIT_CARD,777.62,,
DEBIT,07/10/2023,"AMERICAN EXPRESS ACH PMT    A8502           WEB ID: 9493560001",-2.16,ACH_DEBIT,979.93,,
DEBIT,07/10/2023,"THE VAPE LAB CHANDLER AZ                     07/08",-38.79,DEBIT_CARD,982.09,,
DEBIT,07/10/2023,"ELEMENTS CHANDLER SOUTH CHANDLER AZ          07/08",-30.00,DEBIT_CARD,1020.88,,
DEBIT,07/10/2023,"APPLE.COM/BILL 866-712-7753 CA               07/09",-7.54,DEBIT_CARD,1050.88,,
DEBIT,07/10/2023,"JACK IN THE BOX 1180 PHOENIX AZ              07/08",-13.66,DEBIT_CARD,1058.42,,
DEBIT,07/07/2023,"VITAL4MEN CHANDLER AZ                        07/05",-45.00,DEBIT_CARD,1072.08,,
DEBIT,07/06/2023,"ORBITEL COMMUNICATION 520-568-8890 AZ        07/06",-49.95,DEBIT_CARD,1117.08,,
DEBIT,07/06/2023,"U-HAUL STORAGE OF APA 800-789-3638 AZ        07/05",-61.33,DEBIT_CARD,1167.03,,
DEBIT,07/05/2023,"ARCO #42722 AMPM CHANDLER AZ                 07/05",-10.60,DEBIT_CARD,1228.36,,
DEBIT,07/05/2023,"PAYPAL           INST XFER  SPOTIFYUSAI     WEB ID: PAYPALSI77",-14.11,ACH_DEBIT,1238.96,,
DEBIT,07/05/2023,"SYNCHRONY BANK   PAYMENT    504662204854782 WEB ID: 1061537262",-191.00,ACH_DEBIT,1253.07,,
DEBIT,07/05/2023,"IC* INSTACART*SUBSCR HTTPSINSTACAR CA        07/05",-10.55,DEBIT_CARD,1444.07,,
DEBIT,07/05/2023,"Payment to Chase card ending in 9901 07/05",-331.19,LOAN_PMT,1454.62,,
DEBIT,07/05/2023,"APPLE.COM/BILL 866-712-7753 CA               07/05",-26.93,DEBIT_CARD,1785.81,,
DEBIT,07/05/2023,"METAPAY*Jessica Pugh pay.fb.com CA           07/03",-230.00,DEBIT_CARD,1812.74,,
DEBIT,07/05/2023,"BRONCO TRADING COMPANY TOMBSTONE AZ          07/02",-73.43,DEBIT_CARD,2042.74,,
CREDIT,07/05/2023,"Zelle payment from KATHERINE DIANE BOGUSHEFSKY- REAMER 17810850072",230.00,QUICKPAY_CREDIT,2116.17,,
DEBIT,07/03/2023,"Instacart San Francisco CA           792425  07/03",-201.46,DEBIT_CARD,1886.17,,
DEBIT,07/03/2023,"PILOT #1178 TUCSON AZ                455248  07/03",-10.98,DEBIT_CARD,2087.63,,
DEBIT,07/03/2023,"PILOT #1178 TUCSON AZ                802457  07/03",-10.58,DEBIT_CARD,2098.61,,
DEBIT,07/03/2023,"PILOT #1178 TUCSON AZ                550272  07/03",-33.99,DEBIT_CARD,2109.19,,
DEBIT,07/03/2023,"SIERRA SUITES SIERRA VISTA AZ                07/02",-107.09,DEBIT_CARD,2143.18,,
DEBIT,07/03/2023,"METAPAY*Jessica Pugh pay.fb.com CA           07/02",-38.00,DEBIT_CARD,2250.27,,
DEBIT,07/03/2023,"ARLENE'S TOMBSTONE AZ                        07/02",-7.62,DEBIT_CARD,2288.27,,
DEBIT,07/03/2023,"Zelle payment to Katherine Bogushefsky 17784566387",-40.00,QUICKPAY_DEBIT,2295.89,,
DEBIT,07/03/2023,"SQ *TOMBSTONE CABAL CEL Tombstone AZ         07/02",-59.17,DEBIT_CARD,2335.89,,
DEBIT,07/03/2023,"Zelle payment to Katherine Bogushefsky 17783385730",-30.00,QUICKPAY_DEBIT,2395.06,,
DEBIT,07/03/2023,"Zelle payment to Katherine Bogushefsky 17783337920",-7.00,QUICKPAY_DEBIT,2425.06,,
DEBIT,07/03/2023,"Zelle payment to Katherine Bogushefsky 17783237566",-25.00,QUICKPAY_DEBIT,2432.06,,
DEBIT,07/03/2023,"SQ *PATISSERIE JACQUI BISBEE AZ              07/02",-36.58,DEBIT_CARD,2457.06,,
DEBIT,07/03/2023,"CIRCLE K 00191 102 FR SIERRA VISTA AZ        07/01",-36.62,DEBIT_CARD,2493.64,,
DEBIT,07/03/2023,"SHELL SERVICE STATION SUN LAKES AZ   657084  07/01",-25.58,DEBIT_CARD,2530.26,,
DEBIT,07/03/2023,"SHELL OIL 57442011003 SUN LAKES AZ           07/01",-13.28,DEBIT_CARD,2555.84,,
DEBIT,07/03/2023,"THE VAPE LAB CHANDLER AZ                     07/01",-38.79,DEBIT_CARD,2569.12,,
DEBIT,07/03/2023,"TACO BELL 037559 CHANDLER AZ                 07/01",-23.00,DEBIT_CARD,2607.91,,
DEBIT,07/03/2023,"TIL*TP BLACK ROCK BR23 CHANDLER AZ           07/01",-15.66,DEBIT_CARD,2630.91,,
DEBIT,07/03/2023,"COSTCO *ANNUAL RENEWA 800-774-2678 WA        07/02",-64.68,DEBIT_CARD,2646.57,,
DEBIT,07/03/2023,"Autosave General Saving 11420064756",-830.00,ACCT_XFER,2711.25,,
DEBIT,07/03/2023,"MCDONALD'S F39488 CHANDLER AZ                07/01",-13.27,DEBIT_CARD,3541.25,,
DEBIT,07/03/2023,"STM - RIZZO'S PIZZA CHANDLER AZ              07/01",-6.50,DEBIT_CARD,3554.52,,
DEBIT,07/03/2023,"CALENDLY HTTPSCALENDLY GA                    06/30",-10.71,DEBIT_CARD,3561.02,,
CREDIT,06/30/2023,"ADP TOTALSOURCE  DIRECT DEP                 PPD ID: 9111111102",2919.70,ACH_CREDIT,3571.73,,
DEBIT,06/29/2023,"Instacart San Francisco CA           792458  06/29",-36.44,DEBIT_CARD,652.03,,
DEBIT,06/29/2023,"COURSRA3OWUW9HOTDYOBP 650-963-9884 CA        06/29",-52.82,DEBIT_CARD,688.47,,
DEBIT,06/29/2023,"JOLIES PLACE CHANDLER AZ                     06/27",-41.22,DEBIT_CARD,741.29,,
DEBIT,06/29/2023,"VITAL4MEN CHANDLER AZ                        06/27",-45.00,DEBIT_CARD,782.51,,
DEBIT,06/28/2023,"MOHELA           QDR                        PPD ID: 3431261525",-152.21,ACH_DEBIT,827.51,,
DEBIT,06/28/2023,"RAPIDAPI HTTPSRAPIDAPI CA                    06/27",-25.00,DEBIT_CARD,979.72,,
CREDIT,06/28/2023,"Online Transfer from SAV ...8306 transaction#: 17738451164",500.00,ACCT_XFER,1004.72,,
DEBIT,06/27/2023,"DJs Smoke Shop 2 Chandler AZ         767727  06/27",-23.26,DEBIT_CARD,504.72,,
DEBIT,06/26/2023,"NON-CHASE ATM FEE-WITH",-3.00,FEE_TRANSACTION,527.98,,
DEBIT,06/26/2023,"METAPAY*Jessica Pugh pay.fb.com CA           06/25",-116.25,DEBIT_CARD,530.98,,
DEBIT,06/26/2023,"CHILI'S SUPERSTITION SP MESA AZ              06/25",-99.48,DEBIT_CARD,647.23,,
DEBIT,06/26/2023,"NON-CHASE ATM WITHDRAW               742535  06/247200 W CH",-102.00,ATM,746.71,,
DEBIT,06/26/2023,"Just Blaze Phoenix AZ                887807  06/24",-162.45,DEBIT_CARD,848.71,,
DEBIT,06/26/2023,"Arizona Organix Glendale AZ                  06/24",-18.78,DEBIT_CARD,1011.16,,
DEBIT,06/26/2023,"MCDONALD'S F25665 NEW RIVER AZ               06/24",-15.92,DEBIT_CARD,1029.94,,
DEBIT,06/26/2023,"SHELL SERVICE STATION SUN LAKES AZ   058361  06/24",-38.41,DEBIT_CARD,1045.86,,
DEBIT,06/26/2023,"SHELL OIL 57442011003 SUN LAKES AZ           06/24",-9.87,DEBIT_CARD,1084.27,,
DEBIT,06/26/2023,"Nintendo CA1008246501 800-2553700 WA         06/24",-75.45,DEBIT_CARD,1094.14,,
DEBIT,06/26/2023,"MCDONALD'S F11552 CHANDLER AZ                06/24",-21.27,DEBIT_CARD,1169.59,,
DEBIT,06/26/2023,"APPLE.COM/BILL 866-712-7753 CA               06/24",-33.40,DEBIT_CARD,1190.86,,
DEBIT,06/26/2023,"JOLIES PLACE CHANDLER AZ                     06/23",-23.25,DEBIT_CARD,1224.26,,
DEBIT,06/26/2023,"JOLIES PLACE CHANDLER AZ                     06/23",-9.25,DEBIT_CARD,1247.51,,
DEBIT,06/26/2023,"JOLIES PLACE CHANDLER AZ                     06/23",-18.25,DEBIT_CARD,1256.76,,
DEBIT,06/26/2023,"JOLIES PLACE CHANDLER AZ                     06/23",-7.00,DEBIT_CARD,1275.01,,
DEBIT,06/26/2023,"SUPER STAR CAR WASH AZR CHANDLER AZ          06/23",-20.00,DEBIT_CARD,1282.01,,
DEBIT,06/26/2023,"THE VAPE LAB CHANDLER AZ                     06/23",-36.63,DEBIT_CARD,1302.01,,
DEBIT,06/26/2023,"CVS/PHARMACY #05891 800-746-7287 AZ          06/23",-10.00,DEBIT_CARD,1338.64,,
DEBIT,06/26/2023,"CIRCLE K # 05301 CHANDLER AZ                 06/23",-11.36,DEBIT_CARD,1348.64,,
DEBIT,06/23/2023,"RAPIDAPI HTTPSRAPIDAPI CA                    06/23",-25.00,DEBIT_CARD,1360.00,,
DEBIT,06/23/2023,"GEICO  *AUTO 800-841-3000 DC                 06/23",-112.62,DEBIT_CARD,1385.00,,
DEBIT,06/23/2023,"APPLE.COM/BILL 866-712-7753 CA               06/23",-17.24,DEBIT_CARD,1497.62,,
DEBIT,06/22/2023,"TACO BELL 037547 PHOENIX AZ                  06/21",-14.00,DEBIT_CARD,1514.86,,
DEBIT,06/22/2023,"BURGER KING #3065 CHANDLER AZ                06/20",-8.93,DEBIT_CARD,1528.86,,
DEBIT,06/22/2023,"JOLIES PLACE CHANDLER AZ                     06/20",-58.05,DEBIT_CARD,1537.79,,
DEBIT,06/21/2023,"PAYPAL           INST XFER  LINKEDIN        WEB ID: PAYPALSI77",-43.11,ACH_DEBIT,1595.84,,
DEBIT,06/20/2023,"PAYPAL           INST XFER  EXPRESSVPN      WEB ID: PAYPALSI77",-12.95,ACH_DEBIT,1638.95,,
DEBIT,06/20/2023,"SHIPT* ORDER WWW.SHIPT.COM AL                06/19",-113.14,DEBIT_CARD,1651.90,,
DEBIT,06/20/2023,"SHIPT* MONTHLY MEMBE WWW.SHIPT.COM AL        06/19",-10.99,DEBIT_CARD,1765.04,,
DEBIT,06/20/2023,"CVS/PHARMACY #03491 SUN LAKES AZ             06/18",-22.28,DEBIT_CARD,1776.03,,
DEBIT,06/20/2023,"Zelle payment to Katherine Bogushefsky 17658930128",-100.00,QUICKPAY_DEBIT,1798.31,,
DEBIT,06/20/2023,"U-HAUL STORAGE OF APA 800-789-3638 AZ        06/18",-51.10,DEBIT_CARD,1898.31,,
DEBIT,06/20/2023,"AKIMEL ENTERPRI CHANDLER AZ                  06/17",-50.18,DEBIT_CARD,1949.41,,
DEBIT,06/20/2023,"CVS/PHARMACY #03491 800-746-7287 AZ          06/17",-151.27,DEBIT_CARD,1999.59,,
DEBIT,06/20/2023,"Payment to Chase card ending in 9901 06/20",-646.06,LOAN_PMT,2150.86,,
DEBIT,06/20/2023,"APPLE.COM/BILL 866-712-7753 CA               06/17",-18.28,DEBIT_CARD,2796.92,,
DEBIT,06/20/2023,"VZWRLSS*APOCC VISW 800-922-0204 FL           06/17",-75.45,DEBIT_CARD,2815.20,,
DEBIT,06/20/2023,"Autosave General Saving 11414793538",-830.00,ACCT_XFER,2890.65,,
DEBIT,06/20/2023,"OPENAI OPENAI.COM CA                         06/17",-1.26,DEBIT_CARD,3720.65,,
DEBIT,06/20/2023,"JOLIES PLACE CHANDLER AZ                     06/16",-56.40,DEBIT_CARD,3721.91,,
DEBIT,06/16/2023,"THE VAPE LAB CHANDLER AZ                     06/15",-70.44,DEBIT_CARD,3778.31,,
CREDIT,06/16/2023,"ADP TOTALSOURCE  DIRECT DEP                 PPD ID: 9111111102",2897.78,ACH_CREDIT,3848.75,,
DEBIT,06/15/2023,"IC* INSTACART 888-246-7822 CA                06/14",-164.47,DEBIT_CARD,950.97,,
DEBIT,06/15/2023,"LIGHTHOUSE PSYCHIATRY 480-5656440 AZ         06/14",-50.00,DEBIT_CARD,1115.44,,
DEBIT,06/15/2023,"VITAL4MEN CHANDLER AZ                        06/13",-45.00,DEBIT_CARD,1165.44,,
DEBIT,06/14/2023,"MAJESTIC CHANDLER 9 ALO CHANDLER AZ          06/14",-92.84,DEBIT_CARD,1210.44,,
DEBIT,06/14/2023,"Nintendo CD1001912696 800-2553700 WA         06/14",-4.21,DEBIT_CARD,1303.28,,
DEBIT,06/14/2023,"MAJESTIC CHANDLER 9 B&M CHANDLER AZ          06/13",-10.78,DEBIT_CARD,1307.49,,
DEBIT,06/14/2023,"KEEPERSECURITY.COM HTTPSKEEPERSE IL          06/14",-114.98,DEBIT_CARD,1318.27,,
DEBIT,06/14/2023,"APPLE.COM/BILL 866-712-7753 CA               06/13",-3.22,DEBIT_CARD,1433.25,,
DEBIT,06/14/2023,"APPLE.COM/BILL 866-712-7753 CA               06/13",-6.44,DEBIT_CARD,1436.47,,
DEBIT,06/14/2023,"METAPAY*Jessica Pugh VISA DIRECT CA  307636  06/13",38.00,DEBIT_CARD,1442.91,,
DEBIT,06/13/2023,"EPOCH EU LTD     IAT PAYPAL 1027579092608   WEB ID: 770510487C",-19.95,ACH_DEBIT,1404.91,,
DEBIT,06/13/2023,"Rocket Money     Premium    ST-W4F2G0Z7F9Z6 CCD ID: 4270465600",-8.00,MISC_DEBIT,1424.86,,
DEBIT,06/13/2023,"LIGHTHOUSE PSYCHIATRY 480-5656440 AZ         06/12",-50.00,DEBIT_CARD,1432.86,,
DEBIT,06/13/2023,"NETFLIX.COM NETFLIX.COM CA                   06/12",-7.54,DEBIT_CARD,1482.86,,
DEBIT,06/13/2023,"APPLE.COM/US 800-676-2775 CA                 06/13",-7.72,DEBIT_CARD,1490.40,,
DEBIT,06/13/2023,"APPLE.COM/US 800-676-2775 CA                 06/13",-99.00,DEBIT_CARD,1498.12,,
DEBIT,06/12/2023,"NON-CHASE ATM FEE-WITH",-3.00,FEE_TRANSACTION,1597.12,,
DEBIT,06/12/2023,"PIZZA HUT 35865 https://ipcha AZ             06/11",-45.36,DEBIT_CARD,1600.12,,
DEBIT,06/12/2023,"VIECI, ECOMM PURCHASE 8008286302 WY          06/11",-238.52,DEBIT_CARD,1645.48,,
DEBIT,06/12/2023,"WHP-RIZZO'S PIZZA CHANDLER AZ                06/11",-14.00,DEBIT_CARD,1884.00,,
DEBIT,06/12/2023,"NON-CHASE ATM WITHDRAW               529215  06/105040 WEST",-103.00,ATM,1898.00,,
DEBIT,06/12/2023,"OLIVE GARDEN #00017475 CHANDLER AZ           06/10",-100.45,DEBIT_CARD,2001.00,,
DEBIT,06/12/2023,"APPLE.COM/BILL 866-712-7753 CA               06/09",-3.22,DEBIT_CARD,2101.45,,
DEBIT,06/12/2023,"APPLE.COM/BILL 866-712-7753 CA               06/09",-29.07,DEBIT_CARD,2104.67,,
DEBIT,06/09/2023,"AMERICAN EXPRESS ACH PMT    A7054           WEB ID: 9493560001",-2.16,ACH_DEBIT,2133.74,,
DEBIT,06/08/2023,"JOLIES PLACE CHANDLER AZ                     06/06",-68.05,DEBIT_CARD,2135.90,,
DEBIT,06/07/2023,"IC* INSTACART 888-246-7822 CA                06/06",-5.00,DEBIT_CARD,2203.95,,
DEBIT,06/07/2023,"IC* INSTACART 888-246-7822 CA                06/06",-266.31,DEBIT_CARD,2208.95,,
DEBIT,06/07/2023,"GRUBHUBCAFERIO GRUBHUB.COM NY                06/07",-43.50,DEBIT_CARD,2475.26,,
DEBIT,06/06/2023,"U-HAUL STORAGE OF APA 800-789-3638 AZ        06/05",-56.21,DEBIT_CARD,2518.76,,
DEBIT,06/06/2023,"www.g2g.com Singapore                        06/04",12.78,DEBIT_CARD,2574.97,,
DEBIT,06/05/2023,"ORBITEL COMMUNICATION 520-568-8890 AZ        06/05",-49.95,DEBIT_CARD,2562.19,,
DEBIT,06/05/2023,"SYNCHRONY BANK   PAYMENT    504662204854782 WEB ID: 1061537262",-198.00,ACH_DEBIT,2612.14,,
DEBIT,06/05/2023,"PAYPAL           INST XFER  SPOTIFYUSAI     WEB ID: PAYPALSI77",-14.11,ACH_DEBIT,2810.14,,
DEBIT,06/05/2023,"www.g2g.com Singapore                        06/05",-19.26,DEBIT_CARD,2824.25,,
DEBIT,06/05/2023,"www.g2g.com Singapore                        06/04",-13.78,DEBIT_CARD,2843.51,,
DEBIT,06/05/2023,"METAPAY*Jessica Pugh pay.fb.com CA           06/04",-28.00,DEBIT_CARD,2857.29,,
DEBIT,06/05/2023,"LOVE'S #328 CHANDLER AZ                      06/04",-5.98,DEBIT_CARD,2885.29,,
DEBIT,06/05/2023,"WETZEL'S PRETZELS CHANDLER AZ                06/04",-31.64,DEBIT_CARD,2891.27,,
DEBIT,06/05/2023,"APPLE.COM/BILL 866-712-7753 CA               06/04",-13.98,DEBIT_CARD,2922.91,,
DEBIT,06/05/2023,"Hughes Federal Credit 520-7948341 AZ         06/03",-2504.95,DEBIT_CARD,2936.89,,
DEBIT,06/05/2023,"CHEVRON 0210092 CHANDLER AZ                  06/04",-9.79,DEBIT_CARD,5441.84,,
DEBIT,06/05/2023,"IC* INSTACART*SUBSCR HTTPSINSTACAR CA        06/04",-10.55,DEBIT_CARD,5451.63,,
DEBIT,06/05/2023,"GRUBHUBSMASHBURGER GRUBHUB.COM NY            06/04",-21.85,DEBIT_CARD,5462.18,,
DEBIT,06/05/2023,"Autosave General Saving 11409519592",-830.00,ACCT_XFER,5484.03,,
DEBIT,06/05/2023,"APPLE.COM/BILL 866-712-7753 CA               06/03",-22.63,DEBIT_CARD,6314.03,,
DEBIT,06/05/2023,"APPLE.COM/BILL 866-712-7753 CA               06/03",-27.97,DEBIT_CARD,6336.66,,
DEBIT,06/05/2023,"AKIMEL SMOKE SHOP SUN LAKES AZ               06/01",-3.79,DEBIT_CARD,6364.63,,
DEBIT,06/05/2023,"VITAL4MEN CHANDLER AZ                        06/01",-45.00,DEBIT_CARD,6368.42,,
CREDIT,06/05/2023,"Online Transfer from SAV ...8306 transaction#: 17534318305",2700.00,ACCT_XFER,6413.42,,
DEBIT,06/02/2023,"METAPAY*Jessica Pugh pay.fb.com CA           06/01",-15.00,DEBIT_CARD,3713.42,,
DEBIT,06/02/2023,"GRAVITATE SMOKE SHOP 10 GILBERT AZ           06/01",-34.47,DEBIT_CARD,3728.42,,
DEBIT,06/02/2023,"LIGHTHOUSE PSYCHIATRY GILBERT AZ             06/01",-25.00,DEBIT_CARD,3762.89,,
DEBIT,06/02/2023,"EEGEES 53 BASELINE GILBERT AZ                06/01",-10.45,DEBIT_CARD,3787.89,,
DEBIT,06/02/2023,"K AND R REFRIGERATION 480-8927100 AZ         06/01",-441.70,DEBIT_CARD,3798.34,,
DEBIT,06/02/2023,"READYREFRESH/WATERSER 800-274-5282 CA        06/02",-31.96,DEBIT_CARD,4240.04,,
CREDIT,06/02/2023,"ADP TOTALSOURCE  DIRECT DEP                 PPD ID: 9111111102",2897.80,ACH_CREDIT,4272.00,,
DEBIT,06/01/2023,"APPLE.COM/BILL 866-712-7753 CA               06/01",-36.63,DEBIT_CARD,1374.20,,
DEBIT,06/01/2023,"CALENDLY HTTPSCALENDLY GA                    05/31",-10.71,DEBIT_CARD,1410.83,,
DEBIT,06/01/2023,"APPLE.COM/BILL 866-712-7753 CA               05/31",-15.04,DEBIT_CARD,1421.54,,
DEBIT,05/30/2023,"COURSRA3OWUW9HOTDYOBP 650-963-9884 CA        05/29",-52.82,DEBIT_CARD,1436.58,,
DEBIT,05/30/2023,"SAFEWAY #1566 CHANDLER AZ                    05/27",-46.10,DEBIT_CARD,1489.40,,
DEBIT,05/30/2023,"IC* INSTACART 888-246-7822 CA                05/28",-10.00,DEBIT_CARD,1535.50,,
DEBIT,05/30/2023,"IC* FRYS DEL VIA INS HTTPSDELIVERY CA        05/27",-279.26,DEBIT_CARD,1545.50,,
DEBIT,05/30/2023,"Payment to Chase card ending in 9901 05/30",-238.90,LOAN_PMT,1824.76,,
DEBIT,05/30/2023,"Online Transfer to SAV ...8306 transaction#: 17464285004 05/30",-400.00,ACCT_XFER,2063.66,,
DEBIT,05/30/2023,"APPLE.COM/BILL 866-712-7753 CA               05/28",-39.84,DEBIT_CARD,2463.66,,
DEBIT,05/30/2023,"RAPIDAPI HTTPSRAPIDAPI CA                    05/27",-25.00,DEBIT_CARD,2503.50,,
DEBIT,05/30/2023,"MOHELA           QDR                        PPD ID: 3431261525",-152.21,ACH_DEBIT,2528.50,,
DEBIT,05/30/2023,"JOLIES PLACE CHANDLER AZ                     05/26",-80.55,DEBIT_CARD,2680.71,,
DEBIT,05/30/2023,"JOLIES PLACE CHANDLER AZ                     05/26",-10.50,DEBIT_CARD,2761.26,,
DEBIT,05/30/2023,"CHICK-FIL-A #02481 CHANDLER AZ               05/25",-14.10,DEBIT_CARD,2771.76,,
DEBIT,05/26/2023,"SQ *RED STAR VAPOR-CHAN Chandler AZ          05/25",-45.25,DEBIT_CARD,2785.86,,
DEBIT,05/26/2023,"SQ *RED STAR VAPOR-CHAN Chandler AZ          05/25",-57.01,DEBIT_CARD,2831.11,,
DEBIT,05/26/2023,"GRAVITATE SMOKE SHOP 6 CHANDLER AZ           05/25",-32.57,DEBIT_CARD,2888.12,,
DEBIT,05/26/2023,"GRAVITATE SMOKE SHOP 6 CHANDLER AZ           05/25",-31.47,DEBIT_CARD,2920.69,,
DEBIT,05/25/2023,"O'REILLY AUTO PARTS 38 CHANDLER AZ   538148  05/25",-100.90,DEBIT_CARD,2952.16,,
DEBIT,05/24/2023,"APPLE.COM/BILL 866-712-7753 CA               05/24",-36.62,DEBIT_CARD,3053.06,,
DEBIT,05/23/2023,"CIRCLE K 03372 3077 S GILBERT AZ             05/23",-54.80,DEBIT_CARD,3089.68,,
DEBIT,05/23/2023,"CIRCLE K 03372 3077 S GILBERT AZ             05/23",-10.48,DEBIT_CARD,3144.48,,
DEBIT,05/23/2023,"CIRCLE K 03372 3077 S GILBERT AZ             05/23",-0.09,DEBIT_CARD,3154.96,,
DEBIT,05/23/2023,"GEICO  *AUTO 800-841-3000 DC                 05/23",-112.62,DEBIT_CARD,3155.05,,
DEBIT,05/23/2023,"APPLE.COM/BILL 866-712-7753 CA               05/22",-25.85,DEBIT_CARD,3267.67,,
DEBIT,05/23/2023,"www.cvs.com 800-746-7287 RI                  05/22",-16.11,DEBIT_CARD,3293.52,,
DEBIT,05/22/2023,"NON-CHASE ATM FEE-WITH",-3.00,FEE_TRANSACTION,3309.63,,
DEBIT,05/22/2023,"PAYPAL           INST XFER  TWILIO          WEB ID: PAYPALSI77",-15.31,ACH_DEBIT,3312.63,,
DEBIT,05/22/2023,"PAYPAL           INST XFER  TWILIO          WEB ID: PAYPALSI77",-20.00,ACH_DEBIT,3327.94,,
DEBIT,05/22/2023,"METAPAY*Jessica Pugh pay.fb.com CA           05/21",-83.00,DEBIT_CARD,3347.94,,
DEBIT,05/22/2023,"SHELL OIL 57442011003 SUN LAKES AZ           05/20",-18.22,DEBIT_CARD,3430.94,,
DEBIT,05/22/2023,"APPLE.COM/BILL 866-712-7753 CA               05/21",-38.77,DEBIT_CARD,3449.16,,
DEBIT,05/22/2023,"APPLE.COM/BILL 866-712-7753 CA               05/21",-46.31,DEBIT_CARD,3487.93,,
DEBIT,05/22/2023,"Autosave General Saving 11404064978",-430.00,ACCT_XFER,3534.24,,
DEBIT,05/22/2023,"MCDONALD'S F18584 CHANDLER AZ                05/19",-10.56,DEBIT_CARD,3964.24,,
DEBIT,05/22/2023,"Payment to Chase card ending in 9901 05/22",-804.86,ACCT_XFER,3974.80,,
DEBIT,05/22/2023,"CASINO ARIZONA FOOD & B SCOTTSDALE AZ        05/20",-7.38,DEBIT_CARD,4779.66,,
DEBIT,05/22/2023,"NON-CHASE ATM WITHDRAW               023035  05/19524 NORTH",-62.00,ATM,4787.04,,
DEBIT,05/22/2023,"CASINO ARIZONA FOOD & B SCOTTSDALE AZ        05/20",-29.49,DEBIT_CARD,4849.04,,
DEBIT,05/22/2023,"CIRCLE K # 09529 SCOTTSDALE AZ               05/19",-5.78,DEBIT_CARD,4878.53,,
DEBIT,05/22/2023,"METAPAY*Jessica Pugh VISA DIRECT CA  978577  05/21",50.00,DEBIT_CARD,4884.31,,
DEBIT,05/19/2023,"www.g2g.com Singapore                        05/19",-25.38,DEBIT_CARD,4834.31,,
DEBIT,05/19/2023,"U-HAUL STORAGE OF APA 800-789-3638 AZ        05/18",-51.10,DEBIT_CARD,4859.69,,
CREDIT,05/19/2023,"ADP TOTALSOURCE  DIRECT DEP                 PPD ID: 9111111102",2944.13,ACH_CREDIT,4910.79,,
DEBIT,05/18/2023,"APPLE.COM/BILL 866-712-7753 CA               05/18",-11.84,DEBIT_CARD,1966.66,,
DEBIT,05/17/2023,"PAYPAL           INST XFER  EXPRESSVPN      WEB ID: PAYPALSI77",-12.95,ACH_DEBIT,1978.50,,
DEBIT,05/17/2023,"VZWRLSS*APOCC VISW 800-922-0204 FL           05/17",-75.45,DEBIT_CARD,1991.45,,
DEBIT,05/17/2023,"www.g2g.com Singapore                        05/16",-22.87,DEBIT_CARD,2066.90,,
DEBIT,05/16/2023,"0094 AMC BAR AHWATUKEE PHOENIX AZ            05/14",-19.74,DEBIT_CARD,2089.77,,
DEBIT,05/16/2023,"0094 AMC BAR AHWATUKEE PHOENIX AZ            05/14",-23.54,DEBIT_CARD,2109.51,,
DEBIT,05/15/2023,"NATIONWIDE MEDICAL 818-338-3535 CA           05/15",-35.43,DEBIT_CARD,2133.05,,
DEBIT,05/15/2023,"Rocket Money     Premium    ST-O0Y1N2P7M7D0 CCD ID: 1800948598",-8.00,MISC_DEBIT,2168.48,,
DEBIT,05/15/2023,"Nintendo CD985091503 800-2553700 WA          05/15",-4.21,DEBIT_CARD,2176.48,,
DEBIT,05/15/2023,"Zelle payment to Katherine Bogushefsky 17355248460",-64.00,QUICKPAY_DEBIT,2180.69,,
DEBIT,05/15/2023,"WALGREENS STORE 10324 SUN LAKES AZ   535206  05/14",-105.74,DEBIT_CARD,2244.69,,
DEBIT,05/15/2023,"BASHAS' #043 SUN LAKES AZ            841843  05/14",-27.98,DEBIT_CARD,2350.43,,
DEBIT,05/15/2023,"METAPAY*Jessica Pugh pay.fb.com CA           05/14",-50.00,DEBIT_CARD,2378.41,,
DEBIT,05/15/2023,"MAJESTIC CHANDLER 9 ALO CHANDLER AZ          05/14",-75.86,DEBIT_CARD,2428.41,,
DEBIT,05/15/2023,"MAJESTIC CHANDLER 9 B&M CHANDLER AZ          05/13",-25.34,DEBIT_CARD,2504.27,,
DEBIT,05/15/2023,"COSTCO WHSE #0644 GILBERT AZ         617229  05/13",-1.49,DEBIT_CARD,2529.61,,
DEBIT,05/15/2023,"APPLE.COM/BILL 866-712-7753 CA               05/13",-3.22,DEBIT_CARD,2531.10,,
DEBIT,05/15/2023,"HUGHES FCU ECM   LOAN PAY   32523140        WEB ID: 1751553739",-268.98,ACH_DEBIT,2534.32,,
DEBIT,05/15/2023,"METAPAY*Jessica Pugh pay.fb.com CA           05/12",-100.00,DEBIT_CARD,2803.30,,
DEBIT,05/15/2023,"APPLE.COM/BILL 866-712-7753 CA               05/13",-56.02,DEBIT_CARD,2903.30,,
DEBIT,05/11/2023,"MCDONALD'S F18584 CHANDLER AZ                05/10",-14.04,DEBIT_CARD,2959.32,,
DEBIT,05/10/2023,"GAMER2GAMER GLOB IAT PAYPAL 1026924935795   WEB ID: 770510487C",-19.27,ACH_DEBIT,2973.36,,
DEBIT,05/10/2023,"APPLE.COM/BILL 866-712-7753 CA               05/10",-32.31,DEBIT_CARD,2992.63,,
DEBIT,05/08/2023,"NON-CHASE ATM FEE-WITH",-3.00,FEE_TRANSACTION,3024.94,,
DEBIT,05/08/2023,"FRYS FOOD 985 E RIGGS CHANDLER AZ            05/08",-76.42,DEBIT_CARD,3027.94,,
DEBIT,05/08/2023,"NON-CHASE ATM WITHDRAW               051273  05/0812338 EAS",-102.00,ATM,3104.36,,
DEBIT,05/08/2023,"IC* FRYS DEL VIA INS HTTPSDELIVERY CA        05/07",-108.69,DEBIT_CARD,3206.36,,
DEBIT,05/08/2023,"GRUBHUBBOSADONUTS GRUBHUB.COM NY             05/07",-24.40,DEBIT_CARD,3315.05,,
DEBIT,05/08/2023,"Autosave General Saving 11398941567",-430.00,ACCT_XFER,3339.45,,
DEBIT,05/08/2023,"JOLIES PLACE CHANDLER AZ                     05/05",-105.00,DEBIT_CARD,3769.45,,
DEBIT,05/08/2023,"APPLE.COM/BILL 866-712-7753 CA               05/05",-20.45,DEBIT_CARD,3874.45,,
DEBIT,05/08/2023,"U-HAUL STORAGE OF APA 800-789-3638 AZ        05/05",-56.21,DEBIT_CARD,3894.90,,
DEBIT,05/08/2023,"BURGER KING #11462 Q07 GILBERT AZ            05/04",-12.81,DEBIT_CARD,3951.11,,
DEBIT,05/08/2023,"METAPAY*Jessica Pugh VISA DIRECT CA  315081  05/05",40.00,DEBIT_CARD,3963.92,,
DEBIT,05/05/2023,"CULTS3D          IAT PAYPAL 1026833877747   WEB ID: 770510487C",-4.75,ACH_DEBIT,3923.92,,
DEBIT,05/05/2023,"THE VAPE LAB CHANDLER AZ                     05/04",-70.44,DEBIT_CARD,3928.67,,
DEBIT,05/05/2023,"JOLIES PLACE CHANDLER AZ                     05/03",-60.75,DEBIT_CARD,3999.11,,
CREDIT,05/05/2023,"ADP TOTALSOURCE  DIRECT DEP                 PPD ID: 9111111101",2944.12,ACH_CREDIT,4059.86,,
DEBIT,05/04/2023,"PAYPAL           INST XFER  SPOTIFYUSAI     WEB ID: PAYPALSI77",-14.11,ACH_DEBIT,1115.74,,
DEBIT,05/04/2023,"SYNCHRONY BANK   PAYMENT    504662204854782 WEB ID: 1061537262",-206.00,ACH_DEBIT,1129.85,,
DEBIT,05/03/2023,"IC* INSTACART*SUBSCR HTTPSINSTACAR CA        05/03",-10.55,DEBIT_CARD,1335.85,,
DEBIT,05/02/2023,"IC* INSTACART 888-246-7822 CA                05/02",-157.91,DEBIT_CARD,1346.40,,
DEBIT,05/01/2023,"CALENDLY HTTPSCALENDLY GA                    04/30",-10.71,DEBIT_CARD,1504.31,,
DEBIT,05/01/2023,"GRUBHUBBOSADONUTS GRUBHUB.COM NY             05/01",-21.41,DEBIT_CARD,1515.02,,
DEBIT,05/01/2023,"METAPAY*Jessica Pugh pay.fb.com CA           04/30",-4.00,DEBIT_CARD,1536.43,,
DEBIT,05/01/2023,"JOLIES PLACE CHANDLER AZ                     04/28",-17.05,DEBIT_CARD,1540.43,,
DEBIT,05/01/2023,"JOLIES PLACE CHANDLER AZ                     04/28",-67.25,DEBIT_CARD,1557.48,,
DEBIT,05/01/2023,"JOLIES PLACE CHANDLER AZ                     04/28",-20.00,DEBIT_CARD,1624.73,,
DEBIT,05/01/2023,"JOLIES PLACE CHANDLER AZ                     04/28",-9.75,DEBIT_CARD,1644.73,,
DEBIT,05/01/2023,"GRUBHUBTROPICALSMOOTH GRUBHUB.COM NY         04/29",-31.76,DEBIT_CARD,1654.48,,
DEBIT,05/01/2023,"BURGER KING #11462 Q07 GILBERT AZ            04/27",-11.87,DEBIT_CARD,1686.24,,
CREDIT,05/01/2023,"Online Transfer from SAV ...8306 transaction#: 17227275724",1500.00,ACCT_XFER,1698.11,,
DEBIT,04/28/2023,"MOHELA           QDR                        PPD ID: 3431261525",-152.21,ACH_DEBIT,198.11,,
DEBIT,04/27/2023,"IC* INSTACART 888-246-7822 CA                04/26",-88.64,DEBIT_CARD,350.32,,
DEBIT,04/25/2023,"APPLE.COM/BILL 866-712-7753 CA               04/25",-7.54,DEBIT_CARD,438.96,,
DEBIT,04/25/2023,"APPLE.COM/BILL 866-712-7753 CA               04/24",-33.40,DEBIT_CARD,446.50,,
DEBIT,04/24/2023,"NON-CHASE ATM FEE-WITH",-3.00,FEE_TRANSACTION,479.90,,
DEBIT,04/24/2023,"VENMO            PAYMENT    1026592424912   WEB ID: 3264681992",-35.00,ACH_DEBIT,482.90,,
DEBIT,04/24/2023,"SHELL OIL 57442011003 SUN LAKES AZ           04/23",-20.18,DEBIT_CARD,517.90,,
DEBIT,04/24/2023,"RF *CARING FOR FAMIL 575-640-4329 AZ         04/23",-125.00,DEBIT_CARD,538.08,,
DEBIT,04/24/2023,"CVS/PHARMACY #05891 800-746-7287 AZ          04/23",-10.00,DEBIT_CARD,663.08,,
DEBIT,04/24/2023,"IC* INSTACART 888-246-7822 CA                04/23",-250.98,DEBIT_CARD,673.08,,
DEBIT,04/24/2023,"GEICO  *AUTO 800-841-3000 DC                 04/23",-112.57,DEBIT_CARD,924.06,,
DEBIT,04/24/2023,"HARKINS TEMPE MRKETPLAC TEMPE AZ             04/22",-9.50,DEBIT_CARD,1036.63,,
DEBIT,04/24/2023,"HARKINS TEMPE MRKETPLAC TEMPE AZ             04/22",-25.00,DEBIT_CARD,1046.13,,
DEBIT,04/24/2023,"SHELL SERVICE STATION CHANDLER AZ    428349  04/22",-30.26,DEBIT_CARD,1071.13,,
DEBIT,04/24/2023,"Payment to Chase card ending in 9901 04/24",-1571.95,ACCT_XFER,1101.39,,
DEBIT,04/24/2023,"NON-CHASE ATM WITHDRAW               043404  04/225040 WEST",-103.00,ATM,2673.34,,
DEBIT,04/24/2023,"WHP-RIZZO'S PIZZA CHANDLER AZ                04/22",-12.00,DEBIT_CARD,2776.34,,
DEBIT,04/24/2023,"QT 442 OUTSIDE CHANDLER AZ           270089  04/22",-57.19,DEBIT_CARD,2788.34,,
DEBIT,04/24/2023,"LITTLE CA 401 N ARIZON CHANDLER AZ           04/22",-12.41,DEBIT_CARD,2845.53,,
DEBIT,04/24/2023,"Autosave General Saving 11393399280",-430.00,ACCT_XFER,2857.94,,
DEBIT,04/24/2023,"JOLIES PLACE CHANDLER AZ                     04/21",-8.50,DEBIT_CARD,3287.94,,
DEBIT,04/24/2023,"JOLIES PLACE CHANDLER AZ                     04/21",-9.00,DEBIT_CARD,3296.44,,
DEBIT,04/24/2023,"TACO BELL 037573 CHANDLER AZ                 04/21",-9.00,DEBIT_CARD,3305.44,,
DEBIT,04/24/2023,"GRAVITATE SMOKE SHOP 6 CHANDLER AZ           04/21",-40.17,DEBIT_CARD,3314.44,,
DEBIT,04/21/2023,"GRUBHUBTROPICALSMOOTH GRUBHUB.COM NY         04/20",-28.31,DEBIT_CARD,3354.61,,
CREDIT,04/21/2023,"ADP TOTALSOURCE  DIRECT DEP                 PPD ID: 9111111102",2944.12,ACH_CREDIT,3382.92,,
DEBIT,04/20/2023,"GRUBHUBTROPICALSMOOTH GRUBHUB.COM NY         04/20",-66.89,DEBIT_CARD,438.80,,
DEBIT,04/20/2023,"GRUBHUBBLACKBEARDINER GRUBHUB.COM NY         04/19",-37.31,DEBIT_CARD,505.69,,
DEBIT,04/19/2023,"APPLE.COM/BILL 866-712-7753 CA               04/19",-17.24,DEBIT_CARD,543.00,,
DEBIT,04/19/2023,"AAA MEMBERSHIP 800-922-8228 CA               04/18",-59.99,DEBIT_CARD,560.24,,
DEBIT,04/19/2023,"JOLIES PLACE CHANDLER AZ                     04/17",-66.96,DEBIT_CARD,620.23,,
DEBIT,04/19/2023,"JOLIES PLACE CHANDLER AZ                     04/17",-6.75,DEBIT_CARD,687.19,,
DEBIT,04/19/2023,"JOLIES PLACE CHANDLER AZ                     04/17",-16.00,DEBIT_CARD,693.94,,
DEBIT,04/18/2023,"U-HAUL STORAGE OF APA 800-789-3638 AZ        04/17",-51.10,DEBIT_CARD,709.94,,
DEBIT,04/18/2023,"APPLE.COM/BILL 866-712-7753 CA               04/18",-2.15,DEBIT_CARD,761.04,,
DEBIT,04/18/2023,"GRUBHUBNEKTERJUICEBAR GRUBHUB.COM NY         04/17",-45.01,DEBIT_CARD,763.19,,
DEBIT,04/18/2023,"UHI*U-HAULFAST & EZ SEL CHANDLER AZ          04/15",-122.79,DEBIT_CARD,808.20,,
DEBIT,04/17/2023,"VZWRLSS*APOCC VISW 800-922-0204 FL           04/17",-75.45,DEBIT_CARD,930.99,,
DEBIT,04/17/2023,"PAYPAL           INST XFER  EXPRESSVPN      WEB ID: PAYPALSI77",-12.95,ACH_DEBIT,1006.44,,
DEBIT,04/17/2023,"Payment to Chase card ending in 9901 04/17",-1000.00,ACCT_XFER,1019.39,,
DEBIT,04/17/2023,"Zelle payment to Joey Bogushefsky 17107115119",-466.04,QUICKPAY_DEBIT,2019.39,,
DEBIT,04/17/2023,"INTUIT *TURBOTAX CL.INTUIT.COM CA            04/16",-191.88,DEBIT_CARD,2485.43,,
DEBIT,04/17/2023,"BURGER KING #3065 CHANDLER AZ                04/15",-14.43,DEBIT_CARD,2677.31,,
DEBIT,04/17/2023,"QT 427 CHANDLER AZ                           04/15",-30.11,DEBIT_CARD,2691.74,,
DEBIT,04/17/2023,"FAST & EZ SELF STORAGE CHANDLER AZ           04/15",-8.72,DEBIT_CARD,2721.85,,
DEBIT,04/17/2023,"SHELL OIL 57442011003 SUN LAKES AZ           04/15",-17.32,DEBIT_CARD,2730.57,,
DEBIT,04/17/2023,"SQ *GAME SHOW BATTLE RO CHANDLER AZ          04/15",-5.93,DEBIT_CARD,2747.89,,
DEBIT,04/17/2023,"Zelle payment to Joey Bogushefsky 17098875560",-692.09,QUICKPAY_DEBIT,2753.82,,
DEBIT,04/17/2023,"GRUBHUBBLACKBEARDINER GRUBHUB.COM NY         04/16",-66.77,DEBIT_CARD,3445.91,,
DEBIT,04/17/2023,"HUGHES FCU ECM   LOAN PAY   18412778        WEB ID: 1751553739",-268.98,ACH_DEBIT,3512.68,,
DEBIT,04/17/2023,"METAPAY*Jessica Pugh pay.fb.com CA           04/14",-31.00,DEBIT_CARD,3781.66,,
DEBIT,04/17/2023,"JOLIES PLACE CHANDLER AZ                     04/14",-10.00,DEBIT_CARD,3812.66,,
DEBIT,04/17/2023,"Nintendo CD964596526 800-2553700 WA          04/14",-4.21,DEBIT_CARD,3822.66,,
DEBIT,04/17/2023,"JOLIES PLACE CHANDLER AZ                     04/14",-22.00,DEBIT_CARD,3826.87,,
DEBIT,04/17/2023,"JOLIES PLACE CHANDLER AZ                     04/14",-9.50,DEBIT_CARD,3848.87,,
DEBIT,04/17/2023,"JOLIES PLACE CHANDLER AZ                     04/14",-8.75,DEBIT_CARD,3858.37,,
DEBIT,04/17/2023,"JOLIES PLACE CHANDLER AZ                     04/14",-8.75,DEBIT_CARD,3867.12,,
DEBIT,04/17/2023,"GRUBHUBBLACKBEARDINER GRUBHUB.COM NY         04/15",-37.31,DEBIT_CARD,3875.87,,
DEBIT,04/14/2023,"DJs Smoke Shop 2 Chandler AZ         788710  04/14",-23.57,DEBIT_CARD,3913.18,,
DEBIT,04/14/2023,"APPLE.COM/BILL 866-712-7753 CA               04/13",-3.22,DEBIT_CARD,3936.75,,
DEBIT,04/14/2023,"APPLE.COM/BILL 866-712-7753 CA               04/13",-2.15,DEBIT_CARD,3939.97,,
DEBIT,04/13/2023,"Rocket Money     Premium    ST-B2Q4F2N3T4J6 CCD ID: 4270465600",-8.00,MISC_DEBIT,3942.12,,
DEBIT,04/12/2023,"FARMER BOYS - GILBERT - GILBERT AZ           04/11",-24.77,DEBIT_CARD,3950.12,,
DEBIT,04/12/2023,"SHELL OIL 12634667013 GILBERT AZ             04/11",-18.22,DEBIT_CARD,3974.89,,
DEBIT,04/12/2023,"VITAL4MEN CHANDLER AZ                        04/10",-35.00,DEBIT_CARD,3993.11,,
DEBIT,04/11/2023,"CVS/PHARMACY #05891 800-746-7287 AZ          04/10",-20.28,DEBIT_CARD,4028.11,,
DEBIT,04/11/2023,"SALAD AND GO #1126 CHANDLER AZ               04/10",-5.49,DEBIT_CARD,4048.39,,
DEBIT,04/10/2023,"ANGEL EYES SMOKE SHOP GILBERT AZ             04/09",-20.00,DEBIT_CARD,4053.88,,
DEBIT,04/10/2023,"TACO BELL 037559 CHANDLER AZ                 04/09",-13.82,DEBIT_CARD,4073.88,,
DEBIT,04/10/2023,"Autosave General Saving 11388192617",-430.00,ACCT_XFER,4087.70,,
DEBIT,04/07/2023,"IC* INSTACART 888-246-7822 CA                04/07",-154.49,DEBIT_CARD,4517.70,,
DEBIT,04/07/2023,"READYREFRESH/WATERSER 800-274-5282 CA        04/07",-3.18,DEBIT_CARD,4672.19,,
CREDIT,04/07/2023,"ADP TOTALSOURCE  DIRECT DEP                 PPD ID: 9111111102",2944.14,ACH_CREDIT,4675.37,,
DEBIT,04/06/2023,"ZIA RECORD EXCHANGE CHA CHANDLER AZ          04/05",-2.15,DEBIT_CARD,1731.23,,
DEBIT,04/06/2023,"METAPAY*Jessica Pugh pay.fb.com CA           04/05",-32.00,DEBIT_CARD,1733.38,,
DEBIT,04/06/2023,"U-HAUL STORAGE OF APA 800-789-3638 AZ        04/05",-56.21,DEBIT_CARD,1765.38,,
DEBIT,04/04/2023,"PAYPAL           INST XFER  SPOTIFYUSAI     WEB ID: PAYPALSI77",-14.11,ACH_DEBIT,1821.59,,
DEBIT,04/04/2023,"SYNCHRONY BANK   PAYMENT    504662204854782 WEB ID: 1061537262",-213.00,ACH_DEBIT,1835.70,,
DEBIT,04/04/2023,"VAPE LAB 2 QUEEN CREEK AZ                    04/03",-72.02,DEBIT_CARD,2048.70,,
DEBIT,04/04/2023,"ONEMED-KIERLAND COMMON 888-6636331 AZ        04/03",-25.00,DEBIT_CARD,2120.72,,
DEBIT,04/03/2023,"NON-CHASE ATM FEE-WITH",-3.00,FEE_TRANSACTION,2145.72,,
DEBIT,04/03/2023,"AMERICAN EXPRESS ACH PMT    M7936           WEB ID: 2005032111",-2.16,ACH_DEBIT,2148.72,,
DEBIT,04/03/2023,"AMERICAN EXPRESS ACH PMT    M9132           WEB ID: 2005032111",-2.16,ACH_DEBIT,2150.88,,
DEBIT,04/03/2023,"NON-CHASE ATM WITHDRAW               922963  04/0212338 EAS",-102.00,ATM,2153.04,,
DEBIT,04/03/2023,"CIRCLE K # 03490 3033 CHANDLER AZ            04/02",-9.93,DEBIT_CARD,2255.04,,
DEBIT,04/03/2023,"MCDONALD'S F24901 SUN LAKES AZ               04/02",-13.78,DEBIT_CARD,2264.97,,
DEBIT,04/03/2023,"IC* INSTACART*SUBSCR HTTPSINSTACAR CA        04/02",-10.55,DEBIT_CARD,2278.75,,
DEBIT,04/03/2023,"CB & CB CHANDLER CHANDLER AZ                 04/01",-76.38,DEBIT_CARD,2289.30,,
DEBIT,04/03/2023,"APPLE.COM/BILL 866-712-7753 CA               04/01",-26.93,DEBIT_CARD,2365.68,,
DEBIT,04/03/2023,"SHELL SERVICE STATION GILBERT AZ     050430  04/01",-51.30,DEBIT_CARD,2392.61,,
DEBIT,04/03/2023,"CALENDLY HTTPSCALENDLY GA                    03/31",-10.71,DEBIT_CARD,2443.91,,
DEBIT,04/03/2023,"GRUBHUBBIGISLANDHAWAI GRUBHUB.COM NY         04/01",-42.59,DEBIT_CARD,2454.62,,
CREDIT,04/03/2023,"Online Transfer from SAV ...8306 transaction#: 16979139761",800.00,ACCT_XFER,2497.21,,
DEBIT,03/31/2023,"GRUBHUBBOSADONUTS GRUBHUB.COM NY             03/31",-36.25,DEBIT_CARD,1697.21,,
DEBIT,03/30/2023,"RAPIDAPI HTTPSRAPIDAPI CA                    03/30",-20.00,DEBIT_CARD,1733.46,,
DEBIT,03/30/2023,"RAPIDAPI HTTPSRAPIDAPI CA                    03/29",-25.00,DEBIT_CARD,1753.46,,
DEBIT,03/30/2023,"GNC CHANDLER AZ                              03/29",-94.00,DEBIT_CARD,1778.46,,
DEBIT,03/29/2023,"PIZZA HUT 35865 https://ipcha AZ             03/28",-53.81,DEBIT_CARD,1872.46,,
DEBIT,03/29/2023,"SHELL OIL 57442011003 SUN LAKES AZ           03/28",-21.15,DEBIT_CARD,1926.27,,
DEBIT,03/29/2023,"APPLE.COM/BILL 866-712-7753 CA               03/28",-23.70,DEBIT_CARD,1947.42,,
DEBIT,03/29/2023,"GRUBHUBPANDAEXPRESS GRUBHUB.COM NY           03/29",-20.15,DEBIT_CARD,1971.12,,
DEBIT,03/29/2023,"GRUBHUBCAFERIO GRUBHUB.COM NY                03/28",-52.62,DEBIT_CARD,1991.27,,
DEBIT,03/28/2023,"MOHELA           QDR                        PPD ID: 3431261525",-152.21,ACH_DEBIT,2043.89,,
DEBIT,03/28/2023,"WALMART.COM 800-966-6546 AR                  03/28",-43.10,DEBIT_CARD,2196.10,,
DEBIT,03/28/2023,"GRUBHUBRAISINGCANESSA GRUBHUB.COM NY         03/27",-36.67,DEBIT_CARD,2239.20,,
CREDIT,03/28/2023,"Reversal: MODE 855-9128955 CA                          03/19  ClaimId: 034804955500001",149.00,ATM,2275.87,,
DEBIT,03/27/2023,"ABC*EOS FITNESS 888-8279262 AZ               03/27",-10.14,DEBIT_CARD,2126.87,,
DEBIT,03/27/2023,"VENMO            PAYMENT    1026050624902   WEB ID: 3264681992",-30.00,ACH_DEBIT,2137.01,,
DEBIT,03/27/2023,"IC* INSTACART 888-246-7822 CA                03/26",-60.47,DEBIT_CARD,2167.01,,
DEBIT,03/27/2023,"Payment to Chase card ending in 9901 03/27",-1100.56,ACCT_XFER,2227.48,,
DEBIT,03/27/2023,"READYREFRESH/WATERSER 800-274-5282 CA        03/26",-40.48,DEBIT_CARD,3328.04,,
DEBIT,03/27/2023,"SHELL OIL 12634667013 GILBERT AZ             03/25",-8.24,DEBIT_CARD,3368.52,,
DEBIT,03/27/2023,"METAPAY*Jessica Pugh pay.fb.com CA           03/25",-80.00,DEBIT_CARD,3376.76,,
DEBIT,03/27/2023,"METAPAY*Jessica Pugh pay.fb.com CA           03/25",-25.00,DEBIT_CARD,3456.76,,
DEBIT,03/27/2023,"VAPE LAB 2 QUEEN CREEK AZ                    03/25",-55.33,DEBIT_CARD,3481.76,,
DEBIT,03/27/2023,"Wal-Mart Super Center GILBERT AZ             03/25",-48.38,DEBIT_CARD,3537.09,,
DEBIT,03/27/2023,"Autosave General Saving 11382674196",-430.00,ACCT_XFER,3585.47,,
DEBIT,03/27/2023,"SHELL OIL 12634667013 GILBERT AZ             03/24",-24.25,DEBIT_CARD,4015.47,,
DEBIT,03/27/2023,"STEAMGAMES.COM 4259522 425-8899642 WA        03/26",-31.67,DEBIT_CARD,4039.72,,
DEBIT,03/27/2023,"LABORATORY CORPORATIO 800-222-7566 NC        03/24",-9.67,DEBIT_CARD,4071.39,,
DEBIT,03/27/2023,"GRUBHUBBIGISLANDHAWAI GRUBHUB.COM NY         03/24",-42.59,DEBIT_CARD,4081.06,,
DEBIT,03/24/2023,"CVS/PHARMACY #05891 800-746-7287 AZ          03/23",-10.00,DEBIT_CARD,4123.65,,
DEBIT,03/24/2023,"JOLIES PLACE CHANDLER AZ                     03/22",-26.66,DEBIT_CARD,4133.65,,
DEBIT,03/24/2023,"SOUTHEAST VALLEY GASTR 480-8552027 AZ        03/22",-50.00,DEBIT_CARD,4160.31,,
CREDIT,03/24/2023,"ADP TOTALSOURCE  DIRECT DEP                 PPD ID: 9111111102",2944.12,ACH_CREDIT,4210.31,,
DEBIT,03/23/2023,"GEICO  *AUTO 800-841-3000 DC                 03/23",-120.86,DEBIT_CARD,1266.19,,
DEBIT,03/23/2023,"GoFundMe Mom of 3 Goi Redwood City CA        03/23",-23.00,DEBIT_CARD,1387.05,,
DEBIT,03/23/2023,"SALAD AND GO #1103 GILBERT AZ                03/22",-5.48,DEBIT_CARD,1410.05,,
DEBIT,03/22/2023,"GRUBHUBPANERABREAD GRUBHUB.COM NY            03/22",-28.97,DEBIT_CARD,1415.53,,
DEBIT,03/21/2023,"GRUBHUBBIGISLANDHAWAI GRUBHUB.COM NY         03/21",-21.34,DEBIT_CARD,1444.50,,
DEBIT,03/21/2023,"www.cvs.com 800-746-7287 RI                  03/20",-152.02,DEBIT_CARD,1465.84,,
DEBIT,03/20/2023,"LITTLE CAESARS 1327 000 CHANDLER AZ          03/19",-4.24,DEBIT_CARD,1617.86,,
DEBIT,03/20/2023,"APPLE.COM/BILL 866-712-7753 CA               03/19",-17.24,DEBIT_CARD,1622.10,,
DEBIT,03/20/2023,"HUNGRY HOWIES - 1823 GILBERT AZ              03/19",-61.37,DEBIT_CARD,1639.34,,
DEBIT,03/20/2023,"MODE 855-9128955 CA                          03/19",-149.00,DEBIT_CARD,1700.71,,
DEBIT,03/20/2023,"GRUBHUBBLACKBEARDINER GRUBHUB.COM NY         03/19",-33.84,DEBIT_CARD,1849.71,,
DEBIT,03/20/2023,"APPLE.COM/BILL 866-712-7753 CA               03/18",-17.24,DEBIT_CARD,1883.55,,
DEBIT,03/20/2023,"LYFT   *1 RIDE 03-18 LYFT.COM CA             03/19",-37.49,DEBIT_CARD,1900.79,,
DEBIT,03/20/2023,"ABC*EOS FITNESS 602-6103945 AZ               03/18",-10.00,DEBIT_CARD,1938.28,,
DEBIT,03/20/2023,"DWNTWN  THE GRAND PHOENIX AZ                 03/18",-16.00,DEBIT_CARD,1948.28,,
DEBIT,03/20/2023,"U-HAUL STORAGE OF APA 800-789-3638 AZ        03/17",-51.10,DEBIT_CARD,1964.28,,
DEBIT,03/20/2023,"DWNTWN  THE GRAND PHOENIX AZ                 03/17",-26.00,DEBIT_CARD,2015.38,,
DEBIT,03/20/2023,"SHELL OIL 12634667013 GILBERT AZ             03/17",-10.38,DEBIT_CARD,2041.38,,
DEBIT,03/20/2023,"GRAVITATE SMOKE SHOP 4 CHANDLER AZ           03/17",-52.79,DEBIT_CARD,2051.76,,
DEBIT,03/20/2023,"APPLE.COM/BILL 866-712-7753 CA               03/18",-2.15,DEBIT_CARD,2104.55,,
DEBIT,03/17/2023,"WAL-MART #2671 CHANDLER AZ                   03/17",-28.41,DEBIT_CARD,2106.70,,
DEBIT,03/17/2023,"IC* INSTACART HTTPSINSTACAR CA               03/17",-127.56,DEBIT_CARD,2135.11,,
DEBIT,03/17/2023,"VZWRLSS*APOCC VISW 800-922-0204 FL           03/17",-78.71,DEBIT_CARD,2262.67,,
DEBIT,03/17/2023,"CIRCLE K 09161 CHANDLER AZ                   03/16",-47.81,DEBIT_CARD,2341.38,,
DEBIT,03/16/2023,"PAYPAL           INST XFER  EXPRESSVPN      WEB ID: PAYPALSI77",-12.95,ACH_DEBIT,2389.19,,
DEBIT,03/16/2023,"ELITE JEWELERS GROUP A CHANDLER AZ   863408  03/16",-195.29,DEBIT_CARD,2402.14,,
DEBIT,03/16/2023,"Nintendo CD945569572 800-2553700 WA          03/16",-4.21,DEBIT_CARD,2597.43,,
DEBIT,03/16/2023,"BARROS PIZZA - S MARK 480-917-0111 AZ        03/16",-42.83,DEBIT_CARD,2601.64,,
DEBIT,03/15/2023,"HUGHES FCU ECM   LOAN PAY   61727934        WEB ID: 1751553739",-268.98,ACH_DEBIT,2644.47,,
DEBIT,03/14/2023,"BASHAS' #043 SUN LAKES AZ            846917  03/14",-28.79,DEBIT_CARD,2913.45,,
DEBIT,03/14/2023,"MCDONALD'S F11018 PHOENIX AZ                 03/13",-14.53,DEBIT_CARD,2942.24,,
DEBIT,03/14/2023,"IC* INSTACART HTTPSINSTACAR CA               03/13",-81.98,DEBIT_CARD,2956.77,,
DEBIT,03/14/2023,"APPLE.COM/BILL 866-712-7753 CA               03/13",-3.22,DEBIT_CARD,3038.75,,
DEBIT,03/14/2023,"MAVRIX SCOTTSDALE AZ                         03/12",-25.00,DEBIT_CARD,3041.97,,
DEBIT,03/13/2023,"Rocket Money     Premium    ST-X1C7S1D1Q3R9 CCD ID: 1800948598",-8.00,MISC_DEBIT,3066.97,,
DEBIT,03/13/2023,"Zelle payment to Katherine Bogushefsky 16810965833",-50.00,QUICKPAY_DEBIT,3074.97,,
DEBIT,03/13/2023,"CSP* OCTANE RACEWAY SCOTTSDALE AZ            03/13",-6.48,DEBIT_CARD,3124.97,,
DEBIT,03/13/2023,"PAY*TEMPE DIABLOS TEMPE AZ                   03/11",-20.00,DEBIT_CARD,3131.45,,
DEBIT,03/13/2023,"SQ *LEGENDS HOSPITALITY Tempe AZ             03/11",-17.06,DEBIT_CARD,3151.45,,
DEBIT,03/13/2023,"SQ *LEGENDS HOSPITALITY Tempe AZ             03/11",-54.70,DEBIT_CARD,3168.51,,
DEBIT,03/13/2023,"SHELL OIL 12634667013 GILBERT AZ             03/11",-45.67,DEBIT_CARD,3223.21,,
DEBIT,03/13/2023,"Autosave General Saving 11377489459",-430.00,ACCT_XFER,3268.88,,
DEBIT,03/10/2023,"CIRCLE K 05032 6950 W CHANDLER AZ            03/10",-21.48,DEBIT_CARD,3698.88,,
DEBIT,03/10/2023,"www.cvs.com 800-746-7287 RI                  03/09",-37.99,DEBIT_CARD,3720.36,,
CREDIT,03/10/2023,"ADP TOTALSOURCE  DIRECT DEP                 PPD ID: 9111111102",3166.90,ACH_CREDIT,3758.35,,
DEBIT,03/09/2023,"PAYPAL           INST XFER  SPOTIFYUSAI     WEB ID: PAYPALSI77",-10.85,ACH_DEBIT,591.45,,
DEBIT,03/09/2023,"AMERICAN EXPRESS ACH PMT    A6212           WEB ID: 9493560001",-10.55,ACH_DEBIT,602.30,,
DEBIT,03/09/2023,"IC* INSTACART HTTPSINSTACAR CA               03/09",-1.00,DEBIT_CARD,612.85,,
DEBIT,03/09/2023,"IC* INSTACART HTTPSINSTACAR CA               03/09",-315.80,DEBIT_CARD,613.85,,
DEBIT,03/09/2023,"GRUBHUB7ELEVEN GRUBHUB.COM NY                03/09",-19.79,DEBIT_CARD,929.65,,
DEBIT,03/09/2023,"GRUBHUBDAIRYQUEEN GRUBHUB.COM NY             03/09",-39.50,DEBIT_CARD,949.44,,
DEBIT,03/09/2023,"JOLIES PLACE CHANDLER AZ                     03/07",-27.05,DEBIT_CARD,988.94,,
DEBIT,03/09/2023,"JOLIES PLACE CHANDLER AZ                     03/07",-12.00,DEBIT_CARD,1015.99,,
DEBIT,03/08/2023,"GRAVITATE SMOKE SHOP 4 CHANDLER AZ           03/07",-32.32,DEBIT_CARD,1027.99,,
DEBIT,03/08/2023,"www.cvs.com 800-746-7287 RI                  03/07",-28.27,DEBIT_CARD,1060.31,,
DEBIT,03/07/2023,"DJs Smoke Shop 2 Chandler AZ         046741  03/07",-23.57,DEBIT_CARD,1088.58,,
DEBIT,03/07/2023,"WAL-MART #1512 CHANDLER AZ                   03/07",-5.36,DEBIT_CARD,1112.15,,
DEBIT,03/07/2023,"ATM WITHDRAWAL                       008780  03/073231 E PE",-300.00,ATM,1117.51,,
DEBIT,03/07/2023,"CVS/PHARMACY #05891 800-746-7287 AZ          03/06",-10.00,DEBIT_CARD,1417.51,,
DEBIT,03/07/2023,"VITAL4MEN CHANDLER AZ                        03/06",-35.00,DEBIT_CARD,1427.51,,
DEBIT,03/07/2023,"SHELL OIL 12634667013 GILBERT AZ             03/06",-6.07,DEBIT_CARD,1462.51,,
DEBIT,03/06/2023,"SHELL SERVICE STATION GILBERT AZ     081648  03/06",-39.80,DEBIT_CARD,1468.58,,
DEBIT,03/06/2023,"Zelle payment to Joey Bogushefsky 16750294057",-307.82,QUICKPAY_DEBIT,1508.38,,
DEBIT,03/06/2023,"MCDONALD'S F24901 SUN LAKES AZ               03/05",-12.94,DEBIT_CARD,1816.20,,
DEBIT,03/06/2023,"U-HAUL STORAGE OF APA 800-789-3638 AZ        03/05",-56.21,DEBIT_CARD,1829.14,,
DEBIT,03/06/2023,"JOLIES PLACE CHANDLER AZ                     03/04",-6.75,DEBIT_CARD,1885.35,,
DEBIT,03/06/2023,"JOLIES PLACE CHANDLER AZ                     03/04",-19.50,DEBIT_CARD,1892.10,,
DEBIT,03/06/2023,"Zelle payment to Katherine Bogushefsky 16746726659",-125.00,QUICKPAY_DEBIT,1911.60,,
DEBIT,03/06/2023,"6335 GREAT CLIPS AT LAK GILBERT AZ           03/04",-22.00,DEBIT_CARD,2036.60,,
DEBIT,03/06/2023,"Payment to Chase card ending in 9901 03/06",-1041.75,ACCT_XFER,2058.60,,
DEBIT,03/06/2023,"HUNGRY HOWIES - 1823 GILBERT AZ              03/04",-29.79,DEBIT_CARD,3100.35,,
DEBIT,03/06/2023,"METAPAY*Jessica Pugh pay.fb.com CA           03/03",-8.00,DEBIT_CARD,3130.14,,
DEBIT,03/06/2023,"ONE MEDICAL ONEMEDICAL.CO CA                 03/03",-144.00,DEBIT_CARD,3138.14,,
CREDIT,03/06/2023,"Online Transfer from SAV ...8306 transaction#: 16744213228",750.00,ACCT_XFER,3282.14,,
CREDIT,03/06/2023,"VENMO            CASHOUT                    PPD ID: 5264681992",945.00,ACH_CREDIT,2532.14,,
DEBIT,03/03/2023,"CIRCLE K # 03490 CHANDLER AZ                 03/01",-10.02,DEBIT_CARD,1587.14,,
DEBIT,03/03/2023,"APPLE.COM/BILL 866-712-7753 CA               03/03",-5.38,DEBIT_CARD,1597.16,,
DEBIT,03/02/2023,"METAPAY*Jessica Pugh pay.fb.com CA           03/02",-15.00,DEBIT_CARD,1602.54,,
DEBIT,03/02/2023,"CVS/PHARMACY #05891 800-746-7287 AZ          03/01",-44.36,DEBIT_CARD,1617.54,,
DEBIT,03/01/2023,"WENDY'S   4915 E CHAND PHOENIX AZ            02/28",-10.61,DEBIT_CARD,1661.90,,
DEBIT,03/01/2023,"IC* INSTACART*SUBSCR HTTPSINSTACAR CA        03/01",-10.55,DEBIT_CARD,1672.51,,
DEBIT,03/01/2023,"RAPIDAPI HTTPSRAPIDAPI CA                    03/01",-20.00,DEBIT_CARD,1683.06,,
DEBIT,03/01/2023,"RAPIDAPI HTTPSRAPIDAPI CA                    03/01",-25.00,DEBIT_CARD,1703.06,,
DEBIT,03/01/2023,"SALAD AND GO #1118 CHANDLER AZ               02/28",-8.82,DEBIT_CARD,1728.06,,
DEBIT,03/01/2023,"CALENDLY HTTPSCALENDLY GA                    02/28",-10.71,DEBIT_CARD,1736.88,,
DEBIT,03/01/2023,"GRAVITATE SMOKE SHOP 4 CHANDLER AZ           02/28",-39.86,DEBIT_CARD,1747.59,,
DEBIT,02/28/2023,"MOHELA           QDR                        PPD ID: 3431261525",-152.21,ACH_DEBIT,1787.45,,
DEBIT,02/28/2023,"BURGER KING #9732 SUN LAKES AZ               02/26",-8.02,DEBIT_CARD,1939.66,,
DEBIT,02/27/2023,"ABC*EOS FITNESS 888-8279262 AZ               02/27",-10.14,DEBIT_CARD,1947.68,,
DEBIT,02/27/2023,"TIL*TP BLACK ROCK BR23 CHANDLER AZ           02/26",-14.66,DEBIT_CARD,1957.82,,
DEBIT,02/27/2023,"BEVERAGES & MOR CHANDLER AZ                  02/25",-85.03,DEBIT_CARD,1972.48,,
DEBIT,02/27/2023,"MCDONALD'S F18584 CHANDLER AZ                02/25",-14.03,DEBIT_CARD,2057.51,,
DEBIT,02/27/2023,"DOLLARTRE 2820 S ALMA CHANDLER AZ            02/25",-19.94,DEBIT_CARD,2071.54,,
DEBIT,02/27/2023,"SHELL SERVICE STATION GILBERT AZ     643918  02/25",-36.92,DEBIT_CARD,2091.48,,
DEBIT,02/27/2023,"SHELL OIL 12634667013 GILBERT AZ             02/25",-23.00,DEBIT_CARD,2128.40,,
DEBIT,02/27/2023,"MCDONALD'S F26170 CHANDLER AZ                02/25",-12.50,DEBIT_CARD,2151.40,,
DEBIT,02/27/2023,"APPLE.COM/BILL 866-712-7753 CA               02/25",-7.54,DEBIT_CARD,2163.90,,
DEBIT,02/27/2023,"Autosave General Saving 11371795535",-430.00,ACCT_XFER,2171.44,,
DEBIT,02/27/2023,"TST* MARQUEE THEATRE TE TEMPE AZ             02/25",-15.41,DEBIT_CARD,2601.44,,
DEBIT,02/27/2023,"TST* MARQUEE THEATRE TE TEMPE AZ             02/25",-46.22,DEBIT_CARD,2616.85,,
DEBIT,02/27/2023,"81398 - 725 ASH AVENUE TEMPE AZ              02/25",-7.00,DEBIT_CARD,2663.07,,
DEBIT,02/27/2023,"ZIPPS SPORTS GRILL TEMPE AZ                  02/25",-42.13,DEBIT_CARD,2670.07,,
DEBIT,02/27/2023,"KOHLS #0619 CHANDLER AZ                      02/24",-25.33,DEBIT_CARD,2712.20,,
DEBIT,02/24/2023,"Zelle payment to Katherine Bogushefsky 16667354442",-750.00,QUICKPAY_DEBIT,2737.53,,
DEBIT,02/24/2023,"IC* INSTACART HTTPSINSTACAR CA               02/24",-49.22,DEBIT_CARD,3487.53,,
DEBIT,02/24/2023,"LABORATORY CORPORATIO 800-222-7566 NC        02/24",-36.70,DEBIT_CARD,3536.75,,
DEBIT,02/24/2023,"LABORATORY CORPORATIO 800-222-7566 NC        02/24",-54.98,DEBIT_CARD,3573.45,,
CREDIT,02/24/2023,"ADP TOTALSOURCE  DIRECT DEP                 PPD ID: 9111111102",3166.91,ACH_CREDIT,3628.43,,
DEBIT,02/23/2023,"GEICO  *AUTO 800-841-3000 DC                 02/23",-120.84,DEBIT_CARD,461.52,,
DEBIT,02/23/2023,"RAISING CANE'S 460 TEMPE AZ                  02/23",-11.88,DEBIT_CARD,582.36,,
DEBIT,02/23/2023,"IC* INSTACART HTTPSINSTACAR CA               02/22",-140.05,DEBIT_CARD,594.24,,
DEBIT,02/23/2023,"APPLE.COM/BILL 866-712-7753 CA               02/23",-34.48,DEBIT_CARD,734.29,,
DEBIT,02/22/2023,"IC* FRYS DEL VIA INS HTTPSDELIVERY CA        02/22",-34.46,DEBIT_CARD,768.77,,
DEBIT,02/22/2023,"IC* FRYS DEL VIA INS HTTPSDELIVERY CA        02/22",-50.00,DEBIT_CARD,803.23,,
DEBIT,02/21/2023,"NON-CHASE ATM FEE-WITH",-3.00,FEE_TRANSACTION,853.23,,
DEBIT,02/21/2023,"SAMS CLUB SAM'S Club PHOENIX AZ              02/19",-58.21,DEBIT_CARD,856.23,,
DEBIT,02/21/2023,"SQ *TURF PARADISE Phoenix AZ                 02/19",-14.21,DEBIT_CARD,914.44,,
DEBIT,02/21/2023,"SQ *TURF PARADISE Phoenix AZ                 02/19",-11.84,DEBIT_CARD,928.65,,
DEBIT,02/21/2023,"METAPAY*Jessica Pugh pay.fb.com CA           02/19",-20.00,DEBIT_CARD,940.49,,
DEBIT,02/21/2023,"BARROS PIZZA - S ALMA CHANDLER AZ            02/20",-5.88,DEBIT_CARD,960.49,,
DEBIT,02/21/2023,"WHP-RIZZO'S PIZZA CHANDLER AZ                02/19",-22.00,DEBIT_CARD,966.37,,
DEBIT,02/21/2023,"NON-CHASE ATM WITHDRAW               104049  02/185040 WEST",-103.00,ATM,988.37,,
DEBIT,02/21/2023,"IC* INSTACART HTTPSINSTACAR CA               02/19",-88.48,DEBIT_CARD,1091.37,,
DEBIT,02/21/2023,"WHATABURGER 1296 GILBERT AZ                  02/18",-13.45,DEBIT_CARD,1179.85,,
DEBIT,02/21/2023,"ABC*EOS FITNESS 602-6103945 AZ               02/18",-10.00,DEBIT_CARD,1193.30,,
DEBIT,02/21/2023,"U-HAUL STORAGE OF APA 800-789-3638 AZ        02/18",-51.10,DEBIT_CARD,1203.30,,
DEBIT,02/21/2023,"APPLE.COM/BILL 866-712-7753 CA               02/18",-2.15,DEBIT_CARD,1254.40,,
DEBIT,02/17/2023,"VZWRLSS*APOCC VISW 800-922-0204 FL           02/17",-122.02,DEBIT_CARD,1256.55,,
DEBIT,02/16/2023,"PAYPAL           INST XFER  EXPRESSVPN      WEB ID: PAYPALSI77",-12.95,ACH_DEBIT,1378.57,,
DEBIT,02/16/2023,"BASHAS' 172 GILBERT AZ               385623  02/16",-4.05,DEBIT_CARD,1391.52,,
DEBIT,02/16/2023,"CVS/PHARMACY #05891 800-746-7287 AZ          02/15",-29.62,DEBIT_CARD,1395.57,,
DEBIT,02/15/2023,"HUGHES FCU ECM   LOAN PAY   74718121        WEB ID: 1751553739",-268.98,ACH_DEBIT,1425.19,,
DEBIT,02/15/2023,"GRAVITATE SMOKE SHOP 4 CHANDLER AZ           02/14",-44.17,DEBIT_CARD,1694.17,,
DEBIT,02/14/2023,"BASHAS' 172 GILBERT AZ               918133  02/14",-60.88,DEBIT_CARD,1738.34,,
DEBIT,02/14/2023,"Nintendo CD925845316 800-2553700 WA          02/14",-4.21,DEBIT_CARD,1799.22,,
DEBIT,02/14/2023,"IC* INSTACART HTTPSINSTACAR CA               02/14",-252.72,DEBIT_CARD,1803.43,,
DEBIT,02/14/2023,"APPLE.COM/BILL 866-712-7753 CA               02/14",-3.22,DEBIT_CARD,2056.15,,
DEBIT,02/13/2023,"NON-CHASE ATM FEE-WITH",-3.00,FEE_TRANSACTION,2059.37,,
DEBIT,02/13/2023,"Rocket Money     Premium    ST-S5X8B2S9V3T8 CCD ID: 1800948598",-8.00,MISC_DEBIT,2062.37,,
DEBIT,02/13/2023,"Nintendo CA925325322 800-2553700 WA          02/13",-14.78,DEBIT_CARD,2070.37,,
DEBIT,02/13/2023,"Nintendo CA925323001 800-2553700 WA          02/13",-2.10,DEBIT_CARD,2085.15,,
DEBIT,02/13/2023,"SHELL SERVICE STATION SUN LAKES AZ   462298  02/12",-39.23,DEBIT_CARD,2087.25,,
DEBIT,02/13/2023,"SHELL OIL 57442011003 SUN LAKES AZ           02/12",-6.48,DEBIT_CARD,2126.48,,
DEBIT,02/13/2023,"TACO BELL 037559 CHANDLER AZ                 02/12",-21.36,DEBIT_CARD,2132.96,,
DEBIT,02/13/2023,"NON-CHASE ATM WITHDRAW               254531  02/129431 W NO",-103.75,ATM,2154.32,,
DEBIT,02/13/2023,"SQ *GUYS'S FLAVORTOWN T San Diego CA         02/12",-9.83,DEBIT_CARD,2258.07,,
DEBIT,02/13/2023,"SQ *GUYS'S FLAVORTOWN T San Diego CA         02/12",-18.56,DEBIT_CARD,2267.90,,
DEBIT,02/13/2023,"SQ *GUYS'S FLAVORTOWN T San Diego CA         02/12",-16.93,DEBIT_CARD,2286.46,,
DEBIT,02/13/2023,"SQ *GUYS'S FLAVORTOWN T Tampa FL             02/12",-22.61,DEBIT_CARD,2303.39,,
DEBIT,02/13/2023,"DDWV FOOD COURT GLENDALE AZ                  02/12",-6.50,DEBIT_CARD,2326.00,,
DEBIT,02/13/2023,"THE VAPE LAB CHANDLER AZ                     02/11",-68.96,DEBIT_CARD,2332.50,,
DEBIT,02/13/2023,"Autosave General Saving 11366803052",-430.00,ACCT_XFER,2401.46,,
DEBIT,02/13/2023,"KIND MACAYO CHANDLER CHANDLER AZ             02/10",-75.65,DEBIT_CARD,2831.46,,
DEBIT,02/13/2023,"METAPAY*Jessica Pugh VISA DIRECT CA  467331  02/12",60.00,DEBIT_CARD,2907.11,,
DEBIT,02/10/2023,"Payment to Chase card ending in 9901 02/10",-1212.22,ACCT_XFER,2847.11,,
DEBIT,02/10/2023,"Synchrony Bank   CC PYMT    504662204854782 WEB ID: 9856794001",-221.00,ACH_DEBIT,4059.33,,
DEBIT,02/10/2023,"www.cvs.com 800-746-7287 RI                  02/09",-17.99,DEBIT_CARD,4280.33,,
DEBIT,02/10/2023,"CHICK-FIL-A #03128 PHOENIX AZ                02/08",-20.08,DEBIT_CARD,4298.32,,
CREDIT,02/10/2023,"ADP TOTALSOURCE  DIRECT DEP                 PPD ID: 9111111102",3166.91,ACH_CREDIT,4318.40,,
DEBIT,02/09/2023,"PAYPAL           INST XFER  SPOTIFYUSAI     WEB ID: PAYPALSI77",-10.85,ACH_DEBIT,1151.49,,
DEBIT,02/08/2023,"ATT              Payment                    PPD ID: 9864031004",-69.85,ACH_DEBIT,1162.34,,
DEBIT,02/08/2023,"GRAVITATE SMOKE SHOP 4 CHANDLER AZ           02/07",-56.02,DEBIT_CARD,1232.19,,
DEBIT,02/08/2023,"www.cvs.com 800-746-7287 RI                  02/07",-28.27,DEBIT_CARD,1288.21,,
DEBIT,02/08/2023,"VITAL4MEN CHANDLER AZ                        02/06",-35.00,DEBIT_CARD,1316.48,,
DEBIT,02/07/2023,"Zelle payment to Joey Bogushefsky 16508377826",-880.04,QUICKPAY_DEBIT,1351.48,,
CREDIT,02/07/2023,"Online Transfer from SAV ...8306 transaction#: 16508386585",880.00,ACCT_XFER,2231.52,,
DEBIT,02/06/2023,"NON-CHASE ATM FEE-WITH",-3.00,FEE_TRANSACTION,1351.52,,
DEBIT,02/06/2023,"MCDONALD'S F39488 CHANDLER AZ                02/05",-15.52,DEBIT_CARD,1354.52,,
DEBIT,02/06/2023,"U-HAUL STORAGE OF APA 800-789-3638 AZ        02/05",-56.21,DEBIT_CARD,1370.04,,
DEBIT,02/06/2023,"NON-CHASE ATM WITHDRAW               655240  02/0415406 NOR",-84.00,ATM,1426.25,,
DEBIT,02/06/2023,"HARRAHS AK-CHIN HTL MDS MARICOPA AZ          02/04",-9.51,DEBIT_CARD,1510.25,,
DEBIT,02/06/2023,"AK-CHIN CIRCLE ENT CENT MARICOPA AZ          02/05",-10.00,DEBIT_CARD,1519.76,,
DEBIT,02/06/2023,"AK-CHIN CIRCLE ENT CENT MARICOPA AZ          02/05",-45.00,DEBIT_CARD,1529.76,,
DEBIT,02/06/2023,"AKIMEL ENTERPRI CHANDLER AZ                  02/04",-44.10,DEBIT_CARD,1574.76,,
DEBIT,02/06/2023,"IC* INSTACART HTTPSINSTACAR CA               02/05",-220.05,DEBIT_CARD,1618.86,,
DEBIT,02/06/2023,"APPLE.COM/BILL 866-712-7753 CA               02/05",-4.30,DEBIT_CARD,1838.91,,
DEBIT,02/06/2023,"3527 GREAT CLIPS AT COO GILBERT AZ           02/04",-24.00,DEBIT_CARD,1843.21,,
DEBIT,02/03/2023,"BASHAS' #043 SUN LAKES AZ            691773  02/03",-10.97,DEBIT_CARD,1867.21,,
DEBIT,02/03/2023,"DEL TACO 1128 CHANDLER AZ                    02/02",-7.22,DEBIT_CARD,1878.18,,
DEBIT,02/03/2023,"FIRED PIE SHOPS AT OCOT CHANDLER AZ          02/03",-41.99,DEBIT_CARD,1885.40,,
DEBIT,02/02/2023,"DESERT SHORES DENTISTR PHOENIX AZ    391085  02/02",-109.40,DEBIT_CARD,1927.39,,
DEBIT,02/02/2023,"FRYS FUEL #7628 3955 E PHOENIX AZ    956419  02/02",-3.78,DEBIT_CARD,2036.79,,
DEBIT,02/02/2023,"CVS/PHARMACY #05891 800-746-7287 AZ          02/01",-54.88,DEBIT_CARD,2040.57,,
DEBIT,02/02/2023,"MCDONALD'S F25154 CHANDLER AZ                02/01",-9.37,DEBIT_CARD,2095.45,,
DEBIT,02/02/2023,"GRAVITATE SMOKE SHOP 4 CHANDLER AZ           02/01",-32.33,DEBIT_CARD,2104.82,,
DEBIT,02/01/2023,"CALENDLY HTTPSCALENDLY GA                    01/31",-10.71,DEBIT_CARD,2137.15,,
DEBIT,01/31/2023,"CARING FOR FAMILIES 480-7837000 AZ           01/30",-25.00,DEBIT_CARD,2147.86,,
DEBIT,01/30/2023,"VALLE LUNA CHANDLER 480-7863100 AZ           01/29",-91.34,DEBIT_CARD,2172.86,,
DEBIT,01/30/2023,"RAPIDAPI HTTPSRAPIDAPI CA                    01/30",-20.00,DEBIT_CARD,2264.20,,
DEBIT,01/30/2023,"RAPIDAPI HTTPSRAPIDAPI CA                    01/29",-25.00,DEBIT_CARD,2284.20,,
DEBIT,01/30/2023,"HOOSIER CAFE CHANDLER AZ                     01/29",-46.38,DEBIT_CARD,2309.20,,
DEBIT,01/30/2023,"IC* INSTACART*SUBSCR HTTPSINSTACAR CA        01/29",-10.55,DEBIT_CARD,2355.58,,
DEBIT,01/30/2023,"GRAVITATE SMOKE SHOP 4 CHANDLER AZ           01/28",-46.33,DEBIT_CARD,2366.13,,
DEBIT,01/30/2023,"SHELL OIL 12634667013 GILBERT AZ             01/28",-10.33,DEBIT_CARD,2412.46,,
DEBIT,01/30/2023,"TST* JAMBA JUICE - 1427 CHANDLER AZ          01/29",-12.02,DEBIT_CARD,2422.79,,
DEBIT,01/30/2023,"Autosave General Saving 11361246477",-430.00,ACCT_XFER,2434.81,,
DEBIT,01/30/2023,"MOHELA           QDR                        PPD ID: 3431261525",-152.21,ACH_DEBIT,2864.81,,
DEBIT,01/30/2023,"BJS RESTAURANTS 422 CHANDLER AZ              01/27",-105.11,DEBIT_CARD,3017.02,,
DEBIT,01/30/2023,"www.cvs.com 800-746-7287 RI                  01/28",-12.99,DEBIT_CARD,3122.13,,
DEBIT,01/30/2023,"APPLE.COM/BILL 866-712-7753 CA               01/28",-10.77,DEBIT_CARD,3135.12,,
DEBIT,01/30/2023,"APPLE.COM/BILL 866-712-7753 CA               01/28",-5.38,DEBIT_CARD,3145.89,,
DEBIT,01/30/2023,"VITAL4MEN CHANDLER AZ                        01/27",-35.00,DEBIT_CARD,3151.27,,
DEBIT,01/27/2023,"Payment to Chase card ending in 9901 01/27",-1311.13,ACCT_XFER,3186.27,,
DEBIT,01/27/2023,"ABC*EOS FITNESS 888-8279262 AZ               01/27",-10.14,DEBIT_CARD,4497.40,,
CREDIT,01/27/2023,"ADP TOTALSOURCE  DIRECT DEP                 PPD ID: 9111111102",3166.91,ACH_CREDIT,4507.54,,
DEBIT,01/24/2023,"SHELL OIL 57442011003 SUN LAKES AZ           01/23",-12.08,DEBIT_CARD,1340.63,,
DEBIT,01/24/2023,"SHELL OIL 57441888609 PHOENIX AZ             01/23",-19.83,DEBIT_CARD,1352.71,,
DEBIT,01/23/2023,"SHELL SERVICE STATION PHOENIX AZ     267964  01/23",-39.99,DEBIT_CARD,1372.54,,
DEBIT,01/23/2023,"GEICO  *AUTO 800-841-3000 DC                 01/23",-120.84,DEBIT_CARD,1412.53,,
DEBIT,01/23/2023,"APPLE.COM/BILL 866-712-7753 CA               01/23",-24.78,DEBIT_CARD,1533.37,,
DEBIT,01/23/2023,"QT 442 CHANDLER AZ                           01/22",-24.49,DEBIT_CARD,1558.15,,
DEBIT,01/23/2023,"SODASTREAM USA INC 888-7632258 NJ            01/22",-27.45,DEBIT_CARD,1582.64,,
DEBIT,01/23/2023,"GRAVITATE SMOKE SHOP 6 CHANDLER AZ           01/21",-32.57,DEBIT_CARD,1610.09,,
DEBIT,01/23/2023,"MCDONALD'S F26170 CHANDLER AZ                01/21",-17.47,DEBIT_CARD,1642.66,,
DEBIT,01/23/2023,"MAJESTIC CHANDLER 9 CHANDLER AZ              01/20",-76.36,DEBIT_CARD,1660.13,,
DEBIT,01/23/2023,"TEXAS ROADHOUSE #2512 TEMPE AZ               01/20",-85.96,DEBIT_CARD,1736.49,,
DEBIT,01/20/2023,"AMERICAN EXPRESS ACH PMT    M6402           WEB ID: 2005032111",-2.16,ACH_DEBIT,1822.45,,
DEBIT,01/20/2023,"CIRCLE K 05282 5060 E PHOENIX AZ             01/20",-36.09,DEBIT_CARD,1824.61,,
DEBIT,01/20/2023,"VITAL4MEN CHANDLER AZ                        01/18",-35.00,DEBIT_CARD,1860.70,,
DEBIT,01/19/2023,"APPLE.COM/BILL 866-712-7753 CA               01/19",-17.24,DEBIT_CARD,1895.70,,
DEBIT,01/19/2023,"U-HAUL STORAGE OF APA 800-789-3638 AZ        01/18",-51.10,DEBIT_CARD,1912.94,,
DEBIT,01/18/2023,"WENDY'S   1175 W CHAND CHANDLER AZ           01/18",-15.33,DEBIT_CARD,1964.04,,
DEBIT,01/18/2023,"ABC*EOS FITNESS 602-6103945 AZ               01/18",-10.00,DEBIT_CARD,1979.37,,
DEBIT,01/18/2023,"APPLE.COM/BILL 866-712-7753 CA               01/18",-2.15,DEBIT_CARD,1989.37,,
DEBIT,01/17/2023,"VENMO            PAYMENT    1024702605301   WEB ID: 3264681992",-10.00,ACH_DEBIT,1991.52,,
DEBIT,01/17/2023,"PAYPAL           INST XFER  EXPRESSVPN      WEB ID: PAYPALSI77",-12.95,ACH_DEBIT,2001.52,,
DEBIT,01/17/2023,"HUGHES FCU ECM   LOAN PAY   14260423        WEB ID: 1751553739",-268.98,ACH_DEBIT,2014.47,,
DEBIT,01/17/2023,"IC* INSTACART HTTPSINSTACAR CA               01/17",-397.21,DEBIT_CARD,2283.45,,
DEBIT,01/17/2023,"SHELL OIL 12634667013 GILBERT AZ             01/15",-20.25,DEBIT_CARD,2680.66,,
DEBIT,01/17/2023,"Nintendo CD907015048 800-2553700 WA          01/15",-4.21,DEBIT_CARD,2700.91,,
DEBIT,01/17/2023,"GRUBHUBBROOKLYNVSPIZZ GRUBHUB.COM NY         01/16",-32.09,DEBIT_CARD,2705.12,,
DEBIT,01/17/2023,"Payment to Chase card ending in 9901 01/17",-3051.45,ACCT_XFER,2737.21,,
DEBIT,01/17/2023,"MCDONALD'S F18584 CHANDLER AZ                01/14",-9.72,DEBIT_CARD,5788.66,,
DEBIT,01/17/2023,"Autosave General Saving 11356676329",-430.00,ACCT_XFER,5798.38,,
DEBIT,01/17/2023,"BASHAS' #043 SUN LAKES AZ            413842  01/14",-22.30,DEBIT_CARD,6228.38,,
DEBIT,01/17/2023,"GRAVITATE SMOKE SHOP 6 CHANDLER AZ           01/14",-32.57,DEBIT_CARD,6250.68,,
DEBIT,01/17/2023,"GRUBHUBDAIRYQUEEN GRUBHUB.COM NY             01/15",-39.86,DEBIT_CARD,6283.25,,
DEBIT,01/17/2023,"CVS/PHARMACY #05891 800-746-7287 AZ          01/13",-26.59,DEBIT_CARD,6323.11,,
DEBIT,01/17/2023,"GRUBHUBPANDAEXPRESS GRUBHUB.COM NY           01/14",-21.10,DEBIT_CARD,6349.70,,
DEBIT,01/17/2023,"APPLE.COM/BILL 866-712-7753 CA               01/13",-3.22,DEBIT_CARD,6370.80,,
CREDIT,01/17/2023,"Online Transfer from SAV ...8306 transaction#: 16295540563",1500.00,ACCT_XFER,6374.02,,
DEBIT,01/13/2023,"NON-CHASE ATM FEE-WITH",-3.00,FEE_TRANSACTION,4874.02,,
DEBIT,01/13/2023,"NON-CHASE ATM WITHDRAW               335512  01/1313549 E C",-143.50,ATM,4877.02,,
DEBIT,01/13/2023,"Rocket Money     Premium    ST-R0J3P3K3Z5J8 CCD ID: 1800948598",-8.00,MISC_DEBIT,5020.52,,
CREDIT,01/13/2023,"ADP TOTALSOURCE  DIRECT DEP                 PPD ID: 9111111102",3166.90,ACH_CREDIT,5028.52,,
DEBIT,01/10/2023,"MCDONALD'S F24901 SUN LAKES AZ               01/09",-11.77,DEBIT_CARD,1861.62,,
DEBIT,01/09/2023,"PAYPAL           INST XFER  SPOTIFYUSAI     WEB ID: PAYPALSI77",-10.85,ACH_DEBIT,1873.39,,
DEBIT,01/09/2023,"ATT              Payment                    PPD ID: 9864031004",-75.05,ACH_DEBIT,1884.24,,
DEBIT,01/09/2023,"THE VAPE LAB CHANDLER AZ                     01/08",-19.39,DEBIT_CARD,1959.29,,
DEBIT,01/09/2023,"THE VAPE LAB CHANDLER AZ                     01/08",-19.39,DEBIT_CARD,1978.68,,
DEBIT,01/09/2023,"ZESTY ZZEEKS PIZZA & 480-591-1111 AZ         01/08",-57.50,DEBIT_CARD,1998.07,,
DEBIT,01/09/2023,"IC* INSTACART HTTPSINSTACAR CA               01/07",-101.66,DEBIT_CARD,2055.57,,
DEBIT,01/09/2023,"APPLE.COM/BILL 866-712-7753 CA               01/07",-21.55,DEBIT_CARD,2157.23,,
DEBIT,01/09/2023,"SP STASIS HTTPSTAKESTAS DE                   01/07",-79.00,DEBIT_CARD,2178.78,,
DEBIT,01/09/2023,"GRUBHUBPANERABREAD GRUBHUB.COM NY            01/08",-49.09,DEBIT_CARD,2257.78,,
DEBIT,01/09/2023,"CVS/PHARMACY #03491 800-746-7287 AZ          01/06",-35.00,DEBIT_CARD,2306.87,,
DEBIT,01/09/2023,"GRAVITATE SMOKE SHOP 4 CHANDLER AZ           01/06",-34.47,DEBIT_CARD,2341.87,,
DEBIT,01/06/2023,"CIRCLE K # 41601 1611 GILBERT AZ             01/06",-40.36,DEBIT_CARD,2376.34,,
DEBIT,01/06/2023,"VENMO            PAYMENT    1024535491013   WEB ID: 3264681992",-27.00,ACH_DEBIT,2416.70,,
DEBIT,01/06/2023,"BEVERLY CARTER HTTPSWWW.LINK AZ              01/06",-75.00,DEBIT_CARD,2443.70,,
DEBIT,01/06/2023,"THE VAPE LAB CHANDLER AZ                     01/05",-17.24,DEBIT_CARD,2518.70,,
DEBIT,01/06/2023,"IC* INSTACART HTTPSINSTACAR CA               01/06",-22.15,DEBIT_CARD,2535.94,,
DEBIT,01/06/2023,"IC* INSTACART*2190 HTTPSINSTACAR CA          01/05",-22.15,DEBIT_CARD,2558.09,,
DEBIT,01/06/2023,"U-HAUL STORAGE OF APA 800-789-3638 AZ        01/05",-56.21,DEBIT_CARD,2580.24,,
DEBIT,01/06/2023,"GRUBHUBPANERABREAD GRUBHUB.COM NY            01/05",-29.21,DEBIT_CARD,2636.45,,
DEBIT,01/05/2023,"IC* INSTACART HTTPSINSTACAR CA               01/05",-64.34,DEBIT_CARD,2665.66,,
DEBIT,01/05/2023,"VITAL4MEN CHANDLER AZ                        01/03",-35.00,DEBIT_CARD,2730.00,,
DEBIT,01/03/2023,"PAYPAL           INST XFER  SODASTREAM      WEB ID: PAYPALSI77",-64.28,ACH_DEBIT,2765.00,,
DEBIT,01/03/2023,"Zelle payment to Joey Bogushefsky 16190545245",-865.25,QUICKPAY_DEBIT,2829.28,,
DEBIT,01/03/2023,"IC* INSTACART HTTPSINSTACAR CA               01/03",-282.02,DEBIT_CARD,3694.53,,
DEBIT,01/03/2023,"GRUBHUBPANERABREAD GRUBHUB.COM NY            01/03",-33.55,DEBIT_CARD,3976.55,,
DEBIT,01/03/2023,"TARGET        00019596 MESA AZ               01/01",-28.55,DEBIT_CARD,4010.10,,
